%YAML 1.1
%TAG !u! tag:unity3d.com,2011:
--- !u!1 &8354993030339681947
GameObject:
  m_ObjectHideFlags: 0
  m_CorrespondingSourceObject: {fileID: 0}
  m_PrefabInstance: {fileID: 0}
  m_PrefabAsset: {fileID: 0}
  serializedVersion: 6
  m_Component:
  - component: {fileID: 8354993030339681924}
  m_Layer: 0
  m_Name: Game Level 1
  m_TagString: Untagged
  m_Icon: {fileID: 0}
  m_NavMeshLayer: 0
  m_StaticEditorFlags: 0
  m_IsActive: 1
--- !u!4 &8354993030339681924
Transform:
  m_ObjectHideFlags: 0
  m_CorrespondingSourceObject: {fileID: 0}
  m_PrefabInstance: {fileID: 0}
  m_PrefabAsset: {fileID: 0}
  m_GameObject: {fileID: 8354993030339681947}
  m_LocalRotation: {x: 0, y: 0, z: 0, w: 1}
  m_LocalPosition: {x: 0, y: 0, z: -3.6}
  m_LocalScale: {x: 1, y: 1, z: 1}
  m_Children:
  - {fileID: 3758380228284602269}
  - {fileID: 3758380228570327862}
  - {fileID: 3173327529956115534}
  - {fileID: 3758380229256739703}
  - {fileID: 5369052500141532409}
  - {fileID: 3758380228356476249}
  - {fileID: 3758380228019172764}
  - {fileID: 605374558306251271}
  - {fileID: 3758380229689121376}
  - {fileID: 512524968592362154}
  m_Father: {fileID: 0}
  m_RootOrder: 0
  m_LocalEulerAnglesHint: {x: 0, y: 0, z: 0}
--- !u!1001 &961557889770414466
PrefabInstance:
  m_ObjectHideFlags: 0
  serializedVersion: 2
  m_Modification:
    m_TransformParent: {fileID: 8354993030339681924}
    m_Modifications:
    - target: {fileID: 5640450437911808682, guid: 9ebe2cb4b016543229cc39a9c43f9544,
        type: 3}
      propertyPath: m_Name
      value: LevelBlock 1
      objectReference: {fileID: 0}
    - target: {fileID: 5177616760922604923, guid: 9ebe2cb4b016543229cc39a9c43f9544,
        type: 3}
      propertyPath: m_LocalPosition.x
      value: 122.3
      objectReference: {fileID: 0}
    - target: {fileID: 5177616760922604923, guid: 9ebe2cb4b016543229cc39a9c43f9544,
        type: 3}
      propertyPath: m_LocalPosition.y
      value: 0
      objectReference: {fileID: 0}
    - target: {fileID: 5177616760922604923, guid: 9ebe2cb4b016543229cc39a9c43f9544,
        type: 3}
      propertyPath: m_LocalPosition.z
      value: 245.2
      objectReference: {fileID: 0}
    - target: {fileID: 5177616760922604923, guid: 9ebe2cb4b016543229cc39a9c43f9544,
        type: 3}
      propertyPath: m_LocalRotation.x
      value: -0
      objectReference: {fileID: 0}
    - target: {fileID: 5177616760922604923, guid: 9ebe2cb4b016543229cc39a9c43f9544,
        type: 3}
      propertyPath: m_LocalRotation.y
      value: -0
      objectReference: {fileID: 0}
    - target: {fileID: 5177616760922604923, guid: 9ebe2cb4b016543229cc39a9c43f9544,
        type: 3}
      propertyPath: m_LocalRotation.z
      value: -0
      objectReference: {fileID: 0}
    - target: {fileID: 5177616760922604923, guid: 9ebe2cb4b016543229cc39a9c43f9544,
        type: 3}
      propertyPath: m_LocalRotation.w
      value: 1
      objectReference: {fileID: 0}
    - target: {fileID: 5177616760922604923, guid: 9ebe2cb4b016543229cc39a9c43f9544,
        type: 3}
      propertyPath: m_RootOrder
      value: 4
      objectReference: {fileID: 0}
    - target: {fileID: 5177616760922604923, guid: 9ebe2cb4b016543229cc39a9c43f9544,
        type: 3}
      propertyPath: m_LocalEulerAnglesHint.x
      value: 0
      objectReference: {fileID: 0}
    - target: {fileID: 5177616760922604923, guid: 9ebe2cb4b016543229cc39a9c43f9544,
        type: 3}
      propertyPath: m_LocalEulerAnglesHint.y
      value: 0
      objectReference: {fileID: 0}
    - target: {fileID: 5177616760922604923, guid: 9ebe2cb4b016543229cc39a9c43f9544,
        type: 3}
      propertyPath: m_LocalEulerAnglesHint.z
      value: 0
      objectReference: {fileID: 0}
    m_RemovedComponents: []
  m_SourcePrefab: {fileID: 100100000, guid: 9ebe2cb4b016543229cc39a9c43f9544, type: 3}
--- !u!4 &5369052500141532409 stripped
Transform:
  m_CorrespondingSourceObject: {fileID: 5177616760922604923, guid: 9ebe2cb4b016543229cc39a9c43f9544,
    type: 3}
  m_PrefabInstance: {fileID: 961557889770414466}
  m_PrefabAsset: {fileID: 0}
--- !u!1001 &4667503539479760849
PrefabInstance:
  m_ObjectHideFlags: 0
  serializedVersion: 2
  m_Modification:
    m_TransformParent: {fileID: 8354993030339681924}
    m_Modifications:
    - target: {fileID: 5640450437911808682, guid: af0bdd04ad7d64ff7b1ac012c7b691c5,
        type: 3}
      propertyPath: m_Name
      value: LB 10to10 1
      objectReference: {fileID: 0}
    - target: {fileID: 5177616760922604923, guid: af0bdd04ad7d64ff7b1ac012c7b691c5,
        type: 3}
      propertyPath: m_LocalPosition.x
      value: 0
      objectReference: {fileID: 0}
    - target: {fileID: 5177616760922604923, guid: af0bdd04ad7d64ff7b1ac012c7b691c5,
        type: 3}
      propertyPath: m_LocalPosition.y
      value: 0
      objectReference: {fileID: 0}
    - target: {fileID: 5177616760922604923, guid: af0bdd04ad7d64ff7b1ac012c7b691c5,
        type: 3}
      propertyPath: m_LocalPosition.z
      value: 30
      objectReference: {fileID: 0}
    - target: {fileID: 5177616760922604923, guid: af0bdd04ad7d64ff7b1ac012c7b691c5,
        type: 3}
      propertyPath: m_LocalRotation.x
      value: -0
      objectReference: {fileID: 0}
    - target: {fileID: 5177616760922604923, guid: af0bdd04ad7d64ff7b1ac012c7b691c5,
        type: 3}
      propertyPath: m_LocalRotation.y
      value: -0
      objectReference: {fileID: 0}
    - target: {fileID: 5177616760922604923, guid: af0bdd04ad7d64ff7b1ac012c7b691c5,
        type: 3}
      propertyPath: m_LocalRotation.z
      value: -0
      objectReference: {fileID: 0}
    - target: {fileID: 5177616760922604923, guid: af0bdd04ad7d64ff7b1ac012c7b691c5,
        type: 3}
      propertyPath: m_LocalRotation.w
      value: 1
      objectReference: {fileID: 0}
    - target: {fileID: 5177616760922604923, guid: af0bdd04ad7d64ff7b1ac012c7b691c5,
        type: 3}
      propertyPath: m_RootOrder
      value: 9
      objectReference: {fileID: 0}
    - target: {fileID: 5177616760922604923, guid: af0bdd04ad7d64ff7b1ac012c7b691c5,
        type: 3}
      propertyPath: m_LocalEulerAnglesHint.x
      value: 0
      objectReference: {fileID: 0}
    - target: {fileID: 5177616760922604923, guid: af0bdd04ad7d64ff7b1ac012c7b691c5,
        type: 3}
      propertyPath: m_LocalEulerAnglesHint.y
      value: 0
      objectReference: {fileID: 0}
    - target: {fileID: 5177616760922604923, guid: af0bdd04ad7d64ff7b1ac012c7b691c5,
        type: 3}
      propertyPath: m_LocalEulerAnglesHint.z
      value: 0
      objectReference: {fileID: 0}
    m_RemovedComponents: []
  m_SourcePrefab: {fileID: 100100000, guid: af0bdd04ad7d64ff7b1ac012c7b691c5, type: 3}
--- !u!4 &512524968592362154 stripped
Transform:
  m_CorrespondingSourceObject: {fileID: 5177616760922604923, guid: af0bdd04ad7d64ff7b1ac012c7b691c5,
    type: 3}
  m_PrefabInstance: {fileID: 4667503539479760849}
  m_PrefabAsset: {fileID: 0}
--- !u!1001 &5745519962622113660
PrefabInstance:
  m_ObjectHideFlags: 0
  serializedVersion: 2
  m_Modification:
    m_TransformParent: {fileID: 8354993030339681924}
    m_Modifications:
    - target: {fileID: 5640450437911808682, guid: d0f8d9d5e68037e498d54b7f2bd8a3ec,
        type: 3}
      propertyPath: m_Name
      value: LB Arena
      objectReference: {fileID: 0}
    - target: {fileID: 5177616760922604923, guid: d0f8d9d5e68037e498d54b7f2bd8a3ec,
        type: 3}
      propertyPath: m_LocalPosition.x
      value: -18
      objectReference: {fileID: 0}
    - target: {fileID: 5177616760922604923, guid: d0f8d9d5e68037e498d54b7f2bd8a3ec,
        type: 3}
      propertyPath: m_LocalPosition.y
      value: 0
      objectReference: {fileID: 0}
    - target: {fileID: 5177616760922604923, guid: d0f8d9d5e68037e498d54b7f2bd8a3ec,
        type: 3}
      propertyPath: m_LocalPosition.z
      value: 215
      objectReference: {fileID: 0}
    - target: {fileID: 5177616760922604923, guid: d0f8d9d5e68037e498d54b7f2bd8a3ec,
        type: 3}
      propertyPath: m_LocalRotation.x
      value: -0
      objectReference: {fileID: 0}
    - target: {fileID: 5177616760922604923, guid: d0f8d9d5e68037e498d54b7f2bd8a3ec,
        type: 3}
      propertyPath: m_LocalRotation.y
      value: -0
      objectReference: {fileID: 0}
    - target: {fileID: 5177616760922604923, guid: d0f8d9d5e68037e498d54b7f2bd8a3ec,
        type: 3}
      propertyPath: m_LocalRotation.z
      value: -0
      objectReference: {fileID: 0}
    - target: {fileID: 5177616760922604923, guid: d0f8d9d5e68037e498d54b7f2bd8a3ec,
        type: 3}
      propertyPath: m_LocalRotation.w
      value: 1
      objectReference: {fileID: 0}
    - target: {fileID: 5177616760922604923, guid: d0f8d9d5e68037e498d54b7f2bd8a3ec,
        type: 3}
      propertyPath: m_RootOrder
      value: 7
      objectReference: {fileID: 0}
    - target: {fileID: 5177616760922604923, guid: d0f8d9d5e68037e498d54b7f2bd8a3ec,
        type: 3}
      propertyPath: m_LocalEulerAnglesHint.x
      value: 0
      objectReference: {fileID: 0}
    - target: {fileID: 5177616760922604923, guid: d0f8d9d5e68037e498d54b7f2bd8a3ec,
        type: 3}
      propertyPath: m_LocalEulerAnglesHint.y
      value: 0
      objectReference: {fileID: 0}
    - target: {fileID: 5177616760922604923, guid: d0f8d9d5e68037e498d54b7f2bd8a3ec,
        type: 3}
      propertyPath: m_LocalEulerAnglesHint.z
      value: 0
      objectReference: {fileID: 0}
    m_RemovedComponents: []
  m_SourcePrefab: {fileID: 100100000, guid: d0f8d9d5e68037e498d54b7f2bd8a3ec, type: 3}
--- !u!4 &605374558306251271 stripped
Transform:
  m_CorrespondingSourceObject: {fileID: 5177616760922604923, guid: d0f8d9d5e68037e498d54b7f2bd8a3ec,
    type: 3}
  m_PrefabInstance: {fileID: 5745519962622113660}
  m_PrefabAsset: {fileID: 0}
--- !u!1001 &7769689642074767669
PrefabInstance:
  m_ObjectHideFlags: 0
  serializedVersion: 2
  m_Modification:
    m_TransformParent: {fileID: 8354993030339681924}
    m_Modifications:
    - target: {fileID: 5640450437911808682, guid: 1bd57c1c941d5d74abb7b527b8d08eb2,
        type: 3}
      propertyPath: m_Name
      value: LB 10to30 (1)
      objectReference: {fileID: 0}
    - target: {fileID: 5177616760922604923, guid: 1bd57c1c941d5d74abb7b527b8d08eb2,
        type: 3}
      propertyPath: m_LocalPosition.x
      value: 249.8
      objectReference: {fileID: 0}
    - target: {fileID: 5177616760922604923, guid: 1bd57c1c941d5d74abb7b527b8d08eb2,
        type: 3}
      propertyPath: m_LocalPosition.y
      value: 0
      objectReference: {fileID: 0}
    - target: {fileID: 5177616760922604923, guid: 1bd57c1c941d5d74abb7b527b8d08eb2,
        type: 3}
      propertyPath: m_LocalPosition.z
      value: 215.02
      objectReference: {fileID: 0}
    - target: {fileID: 5177616760922604923, guid: 1bd57c1c941d5d74abb7b527b8d08eb2,
        type: 3}
      propertyPath: m_LocalRotation.x
      value: -0
      objectReference: {fileID: 0}
    - target: {fileID: 5177616760922604923, guid: 1bd57c1c941d5d74abb7b527b8d08eb2,
        type: 3}
      propertyPath: m_LocalRotation.y
      value: 0.7071068
      objectReference: {fileID: 0}
    - target: {fileID: 5177616760922604923, guid: 1bd57c1c941d5d74abb7b527b8d08eb2,
        type: 3}
      propertyPath: m_LocalRotation.z
      value: -0
      objectReference: {fileID: 0}
    - target: {fileID: 5177616760922604923, guid: 1bd57c1c941d5d74abb7b527b8d08eb2,
        type: 3}
      propertyPath: m_LocalRotation.w
      value: 0.7071068
      objectReference: {fileID: 0}
    - target: {fileID: 5177616760922604923, guid: 1bd57c1c941d5d74abb7b527b8d08eb2,
        type: 3}
      propertyPath: m_RootOrder
      value: 2
      objectReference: {fileID: 0}
    - target: {fileID: 5177616760922604923, guid: 1bd57c1c941d5d74abb7b527b8d08eb2,
        type: 3}
      propertyPath: m_LocalEulerAnglesHint.x
      value: 0
      objectReference: {fileID: 0}
    - target: {fileID: 5177616760922604923, guid: 1bd57c1c941d5d74abb7b527b8d08eb2,
        type: 3}
      propertyPath: m_LocalEulerAnglesHint.y
      value: 90
      objectReference: {fileID: 0}
    - target: {fileID: 5177616760922604923, guid: 1bd57c1c941d5d74abb7b527b8d08eb2,
        type: 3}
      propertyPath: m_LocalEulerAnglesHint.z
      value: 0
      objectReference: {fileID: 0}
    - target: {fileID: 5177616760922604923, guid: 1bd57c1c941d5d74abb7b527b8d08eb2,
        type: 3}
      propertyPath: m_LocalScale.x
      value: 1
      objectReference: {fileID: 0}
    - target: {fileID: 5177616760922604923, guid: 1bd57c1c941d5d74abb7b527b8d08eb2,
        type: 3}
      propertyPath: m_LocalScale.z
      value: 1
      objectReference: {fileID: 0}
    m_RemovedComponents: []
  m_SourcePrefab: {fileID: 100100000, guid: 1bd57c1c941d5d74abb7b527b8d08eb2, type: 3}
--- !u!4 &3173327529956115534 stripped
Transform:
  m_CorrespondingSourceObject: {fileID: 5177616760922604923, guid: 1bd57c1c941d5d74abb7b527b8d08eb2,
    type: 3}
  m_PrefabInstance: {fileID: 7769689642074767669}
  m_PrefabAsset: {fileID: 0}
--- !u!1001 &8354993028758876391
PrefabInstance:
  m_ObjectHideFlags: 0
  serializedVersion: 2
  m_Modification:
    m_TransformParent: {fileID: 8354993030339681924}
    m_Modifications:
    - target: {fileID: 5640450437911808682, guid: ced041c1764f60647b2966823f51be40,
        type: 3}
      propertyPath: m_Name
      value: LB 10to10 3 (1)
      objectReference: {fileID: 0}
    - target: {fileID: 5177616760922604923, guid: ced041c1764f60647b2966823f51be40,
        type: 3}
      propertyPath: m_LocalPosition.x
      value: 52
      objectReference: {fileID: 0}
    - target: {fileID: 5177616760922604923, guid: ced041c1764f60647b2966823f51be40,
        type: 3}
      propertyPath: m_LocalPosition.y
      value: 0
      objectReference: {fileID: 0}
    - target: {fileID: 5177616760922604923, guid: ced041c1764f60647b2966823f51be40,
        type: 3}
      propertyPath: m_LocalPosition.z
      value: 195
      objectReference: {fileID: 0}
    - target: {fileID: 5177616760922604923, guid: ced041c1764f60647b2966823f51be40,
        type: 3}
      propertyPath: m_LocalRotation.x
      value: -0
      objectReference: {fileID: 0}
    - target: {fileID: 5177616760922604923, guid: ced041c1764f60647b2966823f51be40,
        type: 3}
      propertyPath: m_LocalRotation.y
      value: 0.7071068
      objectReference: {fileID: 0}
    - target: {fileID: 5177616760922604923, guid: ced041c1764f60647b2966823f51be40,
        type: 3}
      propertyPath: m_LocalRotation.z
      value: -0
      objectReference: {fileID: 0}
    - target: {fileID: 5177616760922604923, guid: ced041c1764f60647b2966823f51be40,
        type: 3}
      propertyPath: m_LocalRotation.w
      value: 0.7071068
      objectReference: {fileID: 0}
    - target: {fileID: 5177616760922604923, guid: ced041c1764f60647b2966823f51be40,
        type: 3}
      propertyPath: m_RootOrder
      value: 6
      objectReference: {fileID: 0}
    - target: {fileID: 5177616760922604923, guid: ced041c1764f60647b2966823f51be40,
        type: 3}
      propertyPath: m_LocalEulerAnglesHint.x
      value: 0
      objectReference: {fileID: 0}
    - target: {fileID: 5177616760922604923, guid: ced041c1764f60647b2966823f51be40,
        type: 3}
      propertyPath: m_LocalEulerAnglesHint.y
      value: 90
      objectReference: {fileID: 0}
    - target: {fileID: 5177616760922604923, guid: ced041c1764f60647b2966823f51be40,
        type: 3}
      propertyPath: m_LocalEulerAnglesHint.z
      value: 0
      objectReference: {fileID: 0}
    - target: {fileID: 5177616760922604923, guid: ced041c1764f60647b2966823f51be40,
        type: 3}
      propertyPath: m_LocalScale.x
      value: 1
      objectReference: {fileID: 0}
    - target: {fileID: 5177616760922604923, guid: ced041c1764f60647b2966823f51be40,
        type: 3}
      propertyPath: m_LocalScale.z
      value: 1
      objectReference: {fileID: 0}
    m_RemovedComponents: []
  m_SourcePrefab: {fileID: 100100000, guid: ced041c1764f60647b2966823f51be40, type: 3}
--- !u!4 &3758380228019172764 stripped
Transform:
  m_CorrespondingSourceObject: {fileID: 5177616760922604923, guid: ced041c1764f60647b2966823f51be40,
    type: 3}
  m_PrefabInstance: {fileID: 8354993028758876391}
  m_PrefabAsset: {fileID: 0}
--- !u!1001 &8354993028891183138
PrefabInstance:
  m_ObjectHideFlags: 0
  serializedVersion: 2
  m_Modification:
    m_TransformParent: {fileID: 8354993030339681924}
    m_Modifications:
    - target: {fileID: 5640450437911808682, guid: 551c847dd265a3e41beb7af5371591ad,
        type: 3}
      propertyPath: m_Name
      value: LB 10to20 2
      objectReference: {fileID: 0}
    - target: {fileID: 5177616760922604923, guid: 551c847dd265a3e41beb7af5371591ad,
        type: 3}
      propertyPath: m_LocalPosition.x
      value: 217.3
      objectReference: {fileID: 0}
    - target: {fileID: 5177616760922604923, guid: 551c847dd265a3e41beb7af5371591ad,
        type: 3}
      propertyPath: m_LocalPosition.y
      value: 0
      objectReference: {fileID: 0}
    - target: {fileID: 5177616760922604923, guid: 551c847dd265a3e41beb7af5371591ad,
        type: 3}
      propertyPath: m_LocalPosition.z
      value: 215
      objectReference: {fileID: 0}
    - target: {fileID: 5177616760922604923, guid: 551c847dd265a3e41beb7af5371591ad,
        type: 3}
      propertyPath: m_LocalRotation.x
      value: 0
      objectReference: {fileID: 0}
    - target: {fileID: 5177616760922604923, guid: 551c847dd265a3e41beb7af5371591ad,
        type: 3}
      propertyPath: m_LocalRotation.y
      value: 0.7071068
      objectReference: {fileID: 0}
    - target: {fileID: 5177616760922604923, guid: 551c847dd265a3e41beb7af5371591ad,
        type: 3}
      propertyPath: m_LocalRotation.z
      value: -0
      objectReference: {fileID: 0}
    - target: {fileID: 5177616760922604923, guid: 551c847dd265a3e41beb7af5371591ad,
        type: 3}
      propertyPath: m_LocalRotation.w
      value: -0.7071068
      objectReference: {fileID: 0}
    - target: {fileID: 5177616760922604923, guid: 551c847dd265a3e41beb7af5371591ad,
        type: 3}
      propertyPath: m_RootOrder
      value: 5
      objectReference: {fileID: 0}
    - target: {fileID: 5177616760922604923, guid: 551c847dd265a3e41beb7af5371591ad,
        type: 3}
      propertyPath: m_LocalEulerAnglesHint.x
      value: 0
      objectReference: {fileID: 0}
    - target: {fileID: 5177616760922604923, guid: 551c847dd265a3e41beb7af5371591ad,
        type: 3}
      propertyPath: m_LocalEulerAnglesHint.y
      value: 270
      objectReference: {fileID: 0}
    - target: {fileID: 5177616760922604923, guid: 551c847dd265a3e41beb7af5371591ad,
        type: 3}
      propertyPath: m_LocalEulerAnglesHint.z
      value: 0
      objectReference: {fileID: 0}
    - target: {fileID: 5177616760922604923, guid: 551c847dd265a3e41beb7af5371591ad,
        type: 3}
      propertyPath: m_LocalScale.x
      value: 1
      objectReference: {fileID: 0}
    - target: {fileID: 5177616760922604923, guid: 551c847dd265a3e41beb7af5371591ad,
        type: 3}
      propertyPath: m_LocalScale.z
      value: 1
      objectReference: {fileID: 0}
    - target: {fileID: 5831263118941817359, guid: 551c847dd265a3e41beb7af5371591ad,
        type: 3}
      propertyPath: m_LocalPosition.x
      value: 30.1
      objectReference: {fileID: 0}
    - target: {fileID: 5831263118941817359, guid: 551c847dd265a3e41beb7af5371591ad,
        type: 3}
      propertyPath: m_LocalScale.x
      value: 40.2
      objectReference: {fileID: 0}
    - target: {fileID: 5831263118427580669, guid: 551c847dd265a3e41beb7af5371591ad,
        type: 3}
      propertyPath: m_LocalScale.x
      value: 40.2
      objectReference: {fileID: 0}
    - target: {fileID: 5831263118427580669, guid: 551c847dd265a3e41beb7af5371591ad,
        type: 3}
      propertyPath: m_LocalPosition.x
      value: -30.1
      objectReference: {fileID: 0}
    - target: {fileID: 838690059648045432, guid: 551c847dd265a3e41beb7af5371591ad,
        type: 3}
      propertyPath: m_LocalPosition.z
      value: 57
      objectReference: {fileID: 0}
    - target: {fileID: 3449634771096119961, guid: 551c847dd265a3e41beb7af5371591ad,
        type: 3}
      propertyPath: m_LocalPosition.z
      value: 57
      objectReference: {fileID: 0}
    - target: {fileID: 3449634771096119961, guid: 551c847dd265a3e41beb7af5371591ad,
        type: 3}
      propertyPath: m_LocalPosition.x
      value: 8
      objectReference: {fileID: 0}
    m_RemovedComponents: []
  m_SourcePrefab: {fileID: 100100000, guid: 551c847dd265a3e41beb7af5371591ad, type: 3}
--- !u!4 &3758380228356476249 stripped
Transform:
  m_CorrespondingSourceObject: {fileID: 5177616760922604923, guid: 551c847dd265a3e41beb7af5371591ad,
    type: 3}
  m_PrefabInstance: {fileID: 8354993028891183138}
  m_PrefabAsset: {fileID: 0}
--- !u!1001 &8354993028977103195
PrefabInstance:
  m_ObjectHideFlags: 0
  serializedVersion: 2
  m_Modification:
    m_TransformParent: {fileID: 3758380228356476249}
    m_Modifications:
    - target: {fileID: 5670383395304781657, guid: ec592c7df285f42848947cfbff27bf1e,
        type: 3}
      propertyPath: m_LocalPosition.x
      value: -0
      objectReference: {fileID: 0}
    - target: {fileID: 5670383395304781657, guid: ec592c7df285f42848947cfbff27bf1e,
        type: 3}
      propertyPath: m_LocalPosition.y
      value: 1.5
      objectReference: {fileID: 0}
    - target: {fileID: 5670383395304781657, guid: ec592c7df285f42848947cfbff27bf1e,
        type: 3}
      propertyPath: m_LocalPosition.z
      value: 59.5
      objectReference: {fileID: 0}
    - target: {fileID: 5670383395304781657, guid: ec592c7df285f42848947cfbff27bf1e,
        type: 3}
      propertyPath: m_LocalRotation.x
      value: 0
      objectReference: {fileID: 0}
    - target: {fileID: 5670383395304781657, guid: ec592c7df285f42848947cfbff27bf1e,
        type: 3}
      propertyPath: m_LocalRotation.y
      value: 0
      objectReference: {fileID: 0}
    - target: {fileID: 5670383395304781657, guid: ec592c7df285f42848947cfbff27bf1e,
        type: 3}
      propertyPath: m_LocalRotation.z
      value: 0
      objectReference: {fileID: 0}
    - target: {fileID: 5670383395304781657, guid: ec592c7df285f42848947cfbff27bf1e,
        type: 3}
      propertyPath: m_LocalRotation.w
      value: 1
      objectReference: {fileID: 0}
    - target: {fileID: 5670383395304781657, guid: ec592c7df285f42848947cfbff27bf1e,
        type: 3}
      propertyPath: m_RootOrder
      value: 26
      objectReference: {fileID: 0}
    - target: {fileID: 5670383395304781657, guid: ec592c7df285f42848947cfbff27bf1e,
        type: 3}
      propertyPath: m_LocalEulerAnglesHint.x
      value: 0
      objectReference: {fileID: 0}
    - target: {fileID: 5670383395304781657, guid: ec592c7df285f42848947cfbff27bf1e,
        type: 3}
      propertyPath: m_LocalEulerAnglesHint.y
      value: 0
      objectReference: {fileID: 0}
    - target: {fileID: 5670383395304781657, guid: ec592c7df285f42848947cfbff27bf1e,
        type: 3}
      propertyPath: m_LocalEulerAnglesHint.z
      value: 0
      objectReference: {fileID: 0}
    - target: {fileID: 5670383395304781657, guid: ec592c7df285f42848947cfbff27bf1e,
        type: 3}
      propertyPath: m_LocalScale.y
      value: 3
      objectReference: {fileID: 0}
    - target: {fileID: 5670383395304781657, guid: ec592c7df285f42848947cfbff27bf1e,
        type: 3}
      propertyPath: m_LocalScale.x
      value: 20
      objectReference: {fileID: 0}
    - target: {fileID: 1040116904514537691, guid: ec592c7df285f42848947cfbff27bf1e,
        type: 3}
      propertyPath: m_Name
      value: Obstacle (4)
      objectReference: {fileID: 0}
    m_RemovedComponents: []
  m_SourcePrefab: {fileID: 100100000, guid: ec592c7df285f42848947cfbff27bf1e, type: 3}
--- !u!1001 &8354993029029286630
PrefabInstance:
  m_ObjectHideFlags: 0
  serializedVersion: 2
  m_Modification:
    m_TransformParent: {fileID: 8354993030339681924}
    m_Modifications:
    - target: {fileID: 5640450437911808682, guid: ced041c1764f60647b2966823f51be40,
        type: 3}
      propertyPath: m_Name
      value: LB 10to10 3 (2)
      objectReference: {fileID: 0}
    - target: {fileID: 5177616760922604923, guid: ced041c1764f60647b2966823f51be40,
        type: 3}
      propertyPath: m_LocalPosition.x
      value: 102
      objectReference: {fileID: 0}
    - target: {fileID: 5177616760922604923, guid: ced041c1764f60647b2966823f51be40,
        type: 3}
      propertyPath: m_LocalPosition.y
      value: 0
      objectReference: {fileID: 0}
    - target: {fileID: 5177616760922604923, guid: ced041c1764f60647b2966823f51be40,
        type: 3}
      propertyPath: m_LocalPosition.z
      value: 235
      objectReference: {fileID: 0}
    - target: {fileID: 5177616760922604923, guid: ced041c1764f60647b2966823f51be40,
        type: 3}
      propertyPath: m_LocalRotation.x
      value: 0
      objectReference: {fileID: 0}
    - target: {fileID: 5177616760922604923, guid: ced041c1764f60647b2966823f51be40,
        type: 3}
      propertyPath: m_LocalRotation.y
      value: 0.7071068
      objectReference: {fileID: 0}
    - target: {fileID: 5177616760922604923, guid: ced041c1764f60647b2966823f51be40,
        type: 3}
      propertyPath: m_LocalRotation.z
      value: -0
      objectReference: {fileID: 0}
    - target: {fileID: 5177616760922604923, guid: ced041c1764f60647b2966823f51be40,
        type: 3}
      propertyPath: m_LocalRotation.w
      value: -0.7071068
      objectReference: {fileID: 0}
    - target: {fileID: 5177616760922604923, guid: ced041c1764f60647b2966823f51be40,
        type: 3}
      propertyPath: m_RootOrder
      value: 0
      objectReference: {fileID: 0}
    - target: {fileID: 5177616760922604923, guid: ced041c1764f60647b2966823f51be40,
        type: 3}
      propertyPath: m_LocalEulerAnglesHint.x
      value: 0
      objectReference: {fileID: 0}
    - target: {fileID: 5177616760922604923, guid: ced041c1764f60647b2966823f51be40,
        type: 3}
      propertyPath: m_LocalEulerAnglesHint.y
      value: 270
      objectReference: {fileID: 0}
    - target: {fileID: 5177616760922604923, guid: ced041c1764f60647b2966823f51be40,
        type: 3}
      propertyPath: m_LocalEulerAnglesHint.z
      value: 0
      objectReference: {fileID: 0}
    - target: {fileID: 5177616760922604923, guid: ced041c1764f60647b2966823f51be40,
        type: 3}
      propertyPath: m_LocalScale.x
      value: 1
      objectReference: {fileID: 0}
    - target: {fileID: 5177616760922604923, guid: ced041c1764f60647b2966823f51be40,
        type: 3}
      propertyPath: m_LocalScale.z
      value: 1
      objectReference: {fileID: 0}
    m_RemovedComponents: []
  m_SourcePrefab: {fileID: 100100000, guid: ced041c1764f60647b2966823f51be40, type: 3}
--- !u!4 &3758380228284602269 stripped
Transform:
  m_CorrespondingSourceObject: {fileID: 5177616760922604923, guid: ced041c1764f60647b2966823f51be40,
    type: 3}
  m_PrefabInstance: {fileID: 8354993029029286630}
  m_PrefabAsset: {fileID: 0}
--- !u!1001 &8354993029348568653
PrefabInstance:
  m_ObjectHideFlags: 0
  serializedVersion: 2
  m_Modification:
    m_TransformParent: {fileID: 8354993030339681924}
    m_Modifications:
    - target: {fileID: 5640450437911808682, guid: 9ebe2cb4b016543229cc39a9c43f9544,
        type: 3}
      propertyPath: m_Name
      value: LevelBlock 1 (1)
      objectReference: {fileID: 0}
    - target: {fileID: 5177616760922604923, guid: 9ebe2cb4b016543229cc39a9c43f9544,
        type: 3}
      propertyPath: m_LocalPosition.x
      value: 122.3
      objectReference: {fileID: 0}
    - target: {fileID: 5177616760922604923, guid: 9ebe2cb4b016543229cc39a9c43f9544,
        type: 3}
      propertyPath: m_LocalPosition.y
      value: 0
      objectReference: {fileID: 0}
    - target: {fileID: 5177616760922604923, guid: 9ebe2cb4b016543229cc39a9c43f9544,
        type: 3}
      propertyPath: m_LocalPosition.z
      value: 184.8
      objectReference: {fileID: 0}
    - target: {fileID: 5177616760922604923, guid: 9ebe2cb4b016543229cc39a9c43f9544,
        type: 3}
      propertyPath: m_LocalRotation.x
      value: -0
      objectReference: {fileID: 0}
    - target: {fileID: 5177616760922604923, guid: 9ebe2cb4b016543229cc39a9c43f9544,
        type: 3}
      propertyPath: m_LocalRotation.y
      value: -0
      objectReference: {fileID: 0}
    - target: {fileID: 5177616760922604923, guid: 9ebe2cb4b016543229cc39a9c43f9544,
        type: 3}
      propertyPath: m_LocalRotation.z
      value: -0
      objectReference: {fileID: 0}
    - target: {fileID: 5177616760922604923, guid: 9ebe2cb4b016543229cc39a9c43f9544,
        type: 3}
      propertyPath: m_LocalRotation.w
      value: 1
      objectReference: {fileID: 0}
    - target: {fileID: 5177616760922604923, guid: 9ebe2cb4b016543229cc39a9c43f9544,
        type: 3}
      propertyPath: m_RootOrder
      value: 1
      objectReference: {fileID: 0}
    - target: {fileID: 5177616760922604923, guid: 9ebe2cb4b016543229cc39a9c43f9544,
        type: 3}
      propertyPath: m_LocalEulerAnglesHint.x
      value: 0
      objectReference: {fileID: 0}
    - target: {fileID: 5177616760922604923, guid: 9ebe2cb4b016543229cc39a9c43f9544,
        type: 3}
      propertyPath: m_LocalEulerAnglesHint.y
      value: 0
      objectReference: {fileID: 0}
    - target: {fileID: 5177616760922604923, guid: 9ebe2cb4b016543229cc39a9c43f9544,
        type: 3}
      propertyPath: m_LocalEulerAnglesHint.z
      value: 0
      objectReference: {fileID: 0}
    - target: {fileID: 5177616760922604923, guid: 9ebe2cb4b016543229cc39a9c43f9544,
        type: 3}
      propertyPath: m_LocalScale.x
      value: 1
      objectReference: {fileID: 0}
    - target: {fileID: 5177616760922604923, guid: 9ebe2cb4b016543229cc39a9c43f9544,
        type: 3}
      propertyPath: m_LocalScale.z
      value: -1
      objectReference: {fileID: 0}
    m_RemovedComponents: []
  m_SourcePrefab: {fileID: 100100000, guid: 9ebe2cb4b016543229cc39a9c43f9544, type: 3}
--- !u!4 &3758380228570327862 stripped
Transform:
  m_CorrespondingSourceObject: {fileID: 5177616760922604923, guid: 9ebe2cb4b016543229cc39a9c43f9544,
    type: 3}
  m_PrefabInstance: {fileID: 8354993029348568653}
  m_PrefabAsset: {fileID: 0}
--- !u!1001 &8354993029736857100
PrefabInstance:
  m_ObjectHideFlags: 0
  serializedVersion: 2
  m_Modification:
    m_TransformParent: {fileID: 8354993030339681924}
    m_Modifications:
    - target: {fileID: 5640450437911808682, guid: 55ff1c3785cb8fb4091f0ac7d5c79c24,
        type: 3}
      propertyPath: m_Name
      value: LB 10to10 2
      objectReference: {fileID: 0}
    - target: {fileID: 5177616760922604923, guid: 55ff1c3785cb8fb4091f0ac7d5c79c24,
        type: 3}
      propertyPath: m_LocalPosition.x
      value: 292
      objectReference: {fileID: 0}
    - target: {fileID: 5177616760922604923, guid: 55ff1c3785cb8fb4091f0ac7d5c79c24,
        type: 3}
      propertyPath: m_LocalPosition.y
      value: 0
      objectReference: {fileID: 0}
    - target: {fileID: 5177616760922604923, guid: 55ff1c3785cb8fb4091f0ac7d5c79c24,
        type: 3}
      propertyPath: m_LocalPosition.z
      value: 215
      objectReference: {fileID: 0}
    - target: {fileID: 5177616760922604923, guid: 55ff1c3785cb8fb4091f0ac7d5c79c24,
        type: 3}
      propertyPath: m_LocalRotation.x
      value: -0
      objectReference: {fileID: 0}
    - target: {fileID: 5177616760922604923, guid: 55ff1c3785cb8fb4091f0ac7d5c79c24,
        type: 3}
      propertyPath: m_LocalRotation.y
      value: -0.7071068
      objectReference: {fileID: 0}
    - target: {fileID: 5177616760922604923, guid: 55ff1c3785cb8fb4091f0ac7d5c79c24,
        type: 3}
      propertyPath: m_LocalRotation.z
      value: -0
      objectReference: {fileID: 0}
    - target: {fileID: 5177616760922604923, guid: 55ff1c3785cb8fb4091f0ac7d5c79c24,
        type: 3}
      propertyPath: m_LocalRotation.w
      value: 0.7071068
      objectReference: {fileID: 0}
    - target: {fileID: 5177616760922604923, guid: 55ff1c3785cb8fb4091f0ac7d5c79c24,
        type: 3}
      propertyPath: m_RootOrder
      value: 3
      objectReference: {fileID: 0}
    - target: {fileID: 5177616760922604923, guid: 55ff1c3785cb8fb4091f0ac7d5c79c24,
        type: 3}
      propertyPath: m_LocalEulerAnglesHint.x
      value: 0
      objectReference: {fileID: 0}
    - target: {fileID: 5177616760922604923, guid: 55ff1c3785cb8fb4091f0ac7d5c79c24,
        type: 3}
      propertyPath: m_LocalEulerAnglesHint.y
      value: -90
      objectReference: {fileID: 0}
    - target: {fileID: 5177616760922604923, guid: 55ff1c3785cb8fb4091f0ac7d5c79c24,
        type: 3}
      propertyPath: m_LocalEulerAnglesHint.z
      value: 0
      objectReference: {fileID: 0}
    - target: {fileID: 5177616760922604923, guid: 55ff1c3785cb8fb4091f0ac7d5c79c24,
        type: 3}
      propertyPath: m_LocalScale.x
      value: 1
      objectReference: {fileID: 0}
    - target: {fileID: 5177616760922604923, guid: 55ff1c3785cb8fb4091f0ac7d5c79c24,
        type: 3}
      propertyPath: m_LocalScale.z
      value: 1
      objectReference: {fileID: 0}
    m_RemovedComponents: []
  m_SourcePrefab: {fileID: 100100000, guid: 55ff1c3785cb8fb4091f0ac7d5c79c24, type: 3}
--- !u!4 &3758380229256739703 stripped
Transform:
  m_CorrespondingSourceObject: {fileID: 5177616760922604923, guid: 55ff1c3785cb8fb4091f0ac7d5c79c24,
    type: 3}
  m_PrefabInstance: {fileID: 8354993029736857100}
  m_PrefabAsset: {fileID: 0}
--- !u!1001 &8354993030177890075
PrefabInstance:
  m_ObjectHideFlags: 0
  serializedVersion: 2
  m_Modification:
    m_TransformParent: {fileID: 8354993030339681924}
    m_Modifications:
    - target: {fileID: 5640450437911808682, guid: ced041c1764f60647b2966823f51be40,
        type: 3}
      propertyPath: m_Name
      value: LB 10to10 3
      objectReference: {fileID: 0}
    - target: {fileID: 5177616760922604923, guid: ced041c1764f60647b2966823f51be40,
        type: 3}
      propertyPath: m_LocalPosition.x
      value: -18
      objectReference: {fileID: 0}
    - target: {fileID: 5177616760922604923, guid: ced041c1764f60647b2966823f51be40,
        type: 3}
      propertyPath: m_LocalPosition.y
      value: 0
      objectReference: {fileID: 0}
    - target: {fileID: 5177616760922604923, guid: ced041c1764f60647b2966823f51be40,
        type: 3}
      propertyPath: m_LocalPosition.z
      value: 100
      objectReference: {fileID: 0}
    - target: {fileID: 5177616760922604923, guid: ced041c1764f60647b2966823f51be40,
        type: 3}
      propertyPath: m_LocalRotation.x
      value: -0
      objectReference: {fileID: 0}
    - target: {fileID: 5177616760922604923, guid: ced041c1764f60647b2966823f51be40,
        type: 3}
      propertyPath: m_LocalRotation.y
      value: -0
      objectReference: {fileID: 0}
    - target: {fileID: 5177616760922604923, guid: ced041c1764f60647b2966823f51be40,
        type: 3}
      propertyPath: m_LocalRotation.z
      value: -0
      objectReference: {fileID: 0}
    - target: {fileID: 5177616760922604923, guid: ced041c1764f60647b2966823f51be40,
        type: 3}
      propertyPath: m_LocalRotation.w
      value: 1
      objectReference: {fileID: 0}
    - target: {fileID: 5177616760922604923, guid: ced041c1764f60647b2966823f51be40,
        type: 3}
      propertyPath: m_RootOrder
      value: 8
      objectReference: {fileID: 0}
    - target: {fileID: 5177616760922604923, guid: ced041c1764f60647b2966823f51be40,
        type: 3}
      propertyPath: m_LocalEulerAnglesHint.x
      value: 0
      objectReference: {fileID: 0}
    - target: {fileID: 5177616760922604923, guid: ced041c1764f60647b2966823f51be40,
        type: 3}
      propertyPath: m_LocalEulerAnglesHint.y
      value: 0
      objectReference: {fileID: 0}
    - target: {fileID: 5177616760922604923, guid: ced041c1764f60647b2966823f51be40,
        type: 3}
      propertyPath: m_LocalEulerAnglesHint.z
      value: 0
      objectReference: {fileID: 0}
    m_RemovedComponents: []
  m_SourcePrefab: {fileID: 100100000, guid: ced041c1764f60647b2966823f51be40, type: 3}
--- !u!4 &3758380229689121376 stripped
Transform:
  m_CorrespondingSourceObject: {fileID: 5177616760922604923, guid: ced041c1764f60647b2966823f51be40,
    type: 3}
  m_PrefabInstance: {fileID: 8354993030177890075}
  m_PrefabAsset: {fileID: 0}
