%YAML 1.1
%TAG !u! tag:unity3d.com,2011:
--- !u!1001 &28310600622554766
PrefabInstance:
  m_ObjectHideFlags: 0
  serializedVersion: 2
  m_Modification:
    m_TransformParent: {fileID: 5177616760922604923}
    m_Modifications:
    - target: {fileID: 5831263117877432459, guid: f8cdab31b73b4438f9e09d98e2e48f86,
        type: 3}
      propertyPath: m_Name
      value: Tile Square (1)
      objectReference: {fileID: 0}
    - target: {fileID: 5831263117877432463, guid: f8cdab31b73b4438f9e09d98e2e48f86,
        type: 3}
      propertyPath: m_LocalPosition.x
      value: 10
      objectReference: {fileID: 0}
    - target: {fileID: 5831263117877432463, guid: f8cdab31b73b4438f9e09d98e2e48f86,
        type: 3}
      propertyPath: m_LocalPosition.y
      value: 0
      objectReference: {fileID: 0}
    - target: {fileID: 5831263117877432463, guid: f8cdab31b73b4438f9e09d98e2e48f86,
        type: 3}
      propertyPath: m_LocalPosition.z
      value: 25
      objectReference: {fileID: 0}
    - target: {fileID: 5831263117877432463, guid: f8cdab31b73b4438f9e09d98e2e48f86,
        type: 3}
      propertyPath: m_LocalRotation.x
      value: -0
      objectReference: {fileID: 0}
    - target: {fileID: 5831263117877432463, guid: f8cdab31b73b4438f9e09d98e2e48f86,
        type: 3}
      propertyPath: m_LocalRotation.y
      value: -0
      objectReference: {fileID: 0}
    - target: {fileID: 5831263117877432463, guid: f8cdab31b73b4438f9e09d98e2e48f86,
        type: 3}
      propertyPath: m_LocalRotation.z
      value: -0
      objectReference: {fileID: 0}
    - target: {fileID: 5831263117877432463, guid: f8cdab31b73b4438f9e09d98e2e48f86,
        type: 3}
      propertyPath: m_LocalRotation.w
      value: 1
      objectReference: {fileID: 0}
    - target: {fileID: 5831263117877432463, guid: f8cdab31b73b4438f9e09d98e2e48f86,
        type: 3}
      propertyPath: m_RootOrder
      value: 3
      objectReference: {fileID: 0}
    - target: {fileID: 5831263117877432463, guid: f8cdab31b73b4438f9e09d98e2e48f86,
        type: 3}
      propertyPath: m_LocalEulerAnglesHint.x
      value: 0
      objectReference: {fileID: 0}
    - target: {fileID: 5831263117877432463, guid: f8cdab31b73b4438f9e09d98e2e48f86,
        type: 3}
      propertyPath: m_LocalEulerAnglesHint.y
      value: 0
      objectReference: {fileID: 0}
    - target: {fileID: 5831263117877432463, guid: f8cdab31b73b4438f9e09d98e2e48f86,
        type: 3}
      propertyPath: m_LocalEulerAnglesHint.z
      value: 0
      objectReference: {fileID: 0}
    - target: {fileID: 5831263117877432463, guid: f8cdab31b73b4438f9e09d98e2e48f86,
        type: 3}
      propertyPath: m_LocalScale.x
      value: 10
      objectReference: {fileID: 0}
    - target: {fileID: 5831263117877432463, guid: f8cdab31b73b4438f9e09d98e2e48f86,
        type: 3}
      propertyPath: m_LocalScale.z
      value: 20
      objectReference: {fileID: 0}
    - target: {fileID: 2544692477433399758, guid: f8cdab31b73b4438f9e09d98e2e48f86,
        type: 3}
      propertyPath: m_IsActive
      value: 0
      objectReference: {fileID: 0}
    - target: {fileID: 3040396967339607124, guid: f8cdab31b73b4438f9e09d98e2e48f86,
        type: 3}
      propertyPath: m_IsActive
      value: 0
      objectReference: {fileID: 0}
    - target: {fileID: 1872128217618825395, guid: f8cdab31b73b4438f9e09d98e2e48f86,
        type: 3}
      propertyPath: m_IsActive
      value: 0
      objectReference: {fileID: 0}
    m_RemovedComponents: []
  m_SourcePrefab: {fileID: 100100000, guid: f8cdab31b73b4438f9e09d98e2e48f86, type: 3}
--- !u!1001 &1179336974383358317
PrefabInstance:
  m_ObjectHideFlags: 0
  serializedVersion: 2
  m_Modification:
    m_TransformParent: {fileID: 5177616760922604923}
    m_Modifications:
    - target: {fileID: 5831263117877432459, guid: f8cdab31b73b4438f9e09d98e2e48f86,
        type: 3}
      propertyPath: m_Name
      value: Tile Square
      objectReference: {fileID: 0}
    - target: {fileID: 5831263117877432463, guid: f8cdab31b73b4438f9e09d98e2e48f86,
        type: 3}
      propertyPath: m_LocalPosition.x
      value: 0
      objectReference: {fileID: 0}
    - target: {fileID: 5831263117877432463, guid: f8cdab31b73b4438f9e09d98e2e48f86,
        type: 3}
      propertyPath: m_LocalPosition.y
      value: 0
      objectReference: {fileID: 0}
    - target: {fileID: 5831263117877432463, guid: f8cdab31b73b4438f9e09d98e2e48f86,
        type: 3}
      propertyPath: m_LocalPosition.z
      value: 0
      objectReference: {fileID: 0}
    - target: {fileID: 5831263117877432463, guid: f8cdab31b73b4438f9e09d98e2e48f86,
        type: 3}
      propertyPath: m_LocalRotation.x
      value: 0
      objectReference: {fileID: 0}
    - target: {fileID: 5831263117877432463, guid: f8cdab31b73b4438f9e09d98e2e48f86,
        type: 3}
      propertyPath: m_LocalRotation.y
      value: 0
      objectReference: {fileID: 0}
    - target: {fileID: 5831263117877432463, guid: f8cdab31b73b4438f9e09d98e2e48f86,
        type: 3}
      propertyPath: m_LocalRotation.z
      value: 0
      objectReference: {fileID: 0}
    - target: {fileID: 5831263117877432463, guid: f8cdab31b73b4438f9e09d98e2e48f86,
        type: 3}
      propertyPath: m_LocalRotation.w
      value: 1
      objectReference: {fileID: 0}
    - target: {fileID: 5831263117877432463, guid: f8cdab31b73b4438f9e09d98e2e48f86,
        type: 3}
      propertyPath: m_RootOrder
      value: 0
      objectReference: {fileID: 0}
    - target: {fileID: 5831263117877432463, guid: f8cdab31b73b4438f9e09d98e2e48f86,
        type: 3}
      propertyPath: m_LocalEulerAnglesHint.x
      value: 0
      objectReference: {fileID: 0}
    - target: {fileID: 5831263117877432463, guid: f8cdab31b73b4438f9e09d98e2e48f86,
        type: 3}
      propertyPath: m_LocalEulerAnglesHint.y
      value: 0
      objectReference: {fileID: 0}
    - target: {fileID: 5831263117877432463, guid: f8cdab31b73b4438f9e09d98e2e48f86,
        type: 3}
      propertyPath: m_LocalEulerAnglesHint.z
      value: 0
      objectReference: {fileID: 0}
    - target: {fileID: 5831263117877432463, guid: f8cdab31b73b4438f9e09d98e2e48f86,
        type: 3}
      propertyPath: m_LocalScale.x
      value: 10
      objectReference: {fileID: 0}
    - target: {fileID: 5831263117877432463, guid: f8cdab31b73b4438f9e09d98e2e48f86,
        type: 3}
      propertyPath: m_LocalScale.z
      value: 10
      objectReference: {fileID: 0}
    - target: {fileID: 2544692477433399758, guid: f8cdab31b73b4438f9e09d98e2e48f86,
        type: 3}
      propertyPath: m_IsActive
      value: 0
      objectReference: {fileID: 0}
    - target: {fileID: 1872128217618825395, guid: f8cdab31b73b4438f9e09d98e2e48f86,
        type: 3}
      propertyPath: m_IsActive
      value: 0
      objectReference: {fileID: 0}
    m_RemovedComponents: []
  m_SourcePrefab: {fileID: 100100000, guid: f8cdab31b73b4438f9e09d98e2e48f86, type: 3}
--- !u!1001 &1239322485749789695
PrefabInstance:
  m_ObjectHideFlags: 0
  serializedVersion: 2
  m_Modification:
    m_TransformParent: {fileID: 5177616760922604923}
    m_Modifications:
    - target: {fileID: 5831263117877432459, guid: f8cdab31b73b4438f9e09d98e2e48f86,
        type: 3}
      propertyPath: m_Name
      value: Tile Square (4)
      objectReference: {fileID: 0}
    - target: {fileID: 5831263117877432463, guid: f8cdab31b73b4438f9e09d98e2e48f86,
        type: 3}
      propertyPath: m_LocalPosition.x
      value: 0
      objectReference: {fileID: 0}
    - target: {fileID: 5831263117877432463, guid: f8cdab31b73b4438f9e09d98e2e48f86,
        type: 3}
      propertyPath: m_LocalPosition.y
      value: 0
      objectReference: {fileID: 0}
    - target: {fileID: 5831263117877432463, guid: f8cdab31b73b4438f9e09d98e2e48f86,
        type: 3}
      propertyPath: m_LocalPosition.z
      value: 50
      objectReference: {fileID: 0}
    - target: {fileID: 5831263117877432463, guid: f8cdab31b73b4438f9e09d98e2e48f86,
        type: 3}
      propertyPath: m_LocalRotation.x
      value: -0
      objectReference: {fileID: 0}
    - target: {fileID: 5831263117877432463, guid: f8cdab31b73b4438f9e09d98e2e48f86,
        type: 3}
      propertyPath: m_LocalRotation.y
      value: -0
      objectReference: {fileID: 0}
    - target: {fileID: 5831263117877432463, guid: f8cdab31b73b4438f9e09d98e2e48f86,
        type: 3}
      propertyPath: m_LocalRotation.z
      value: -0
      objectReference: {fileID: 0}
    - target: {fileID: 5831263117877432463, guid: f8cdab31b73b4438f9e09d98e2e48f86,
        type: 3}
      propertyPath: m_LocalRotation.w
      value: 1
      objectReference: {fileID: 0}
    - target: {fileID: 5831263117877432463, guid: f8cdab31b73b4438f9e09d98e2e48f86,
        type: 3}
      propertyPath: m_RootOrder
      value: 10
      objectReference: {fileID: 0}
    - target: {fileID: 5831263117877432463, guid: f8cdab31b73b4438f9e09d98e2e48f86,
        type: 3}
      propertyPath: m_LocalEulerAnglesHint.x
      value: 0
      objectReference: {fileID: 0}
    - target: {fileID: 5831263117877432463, guid: f8cdab31b73b4438f9e09d98e2e48f86,
        type: 3}
      propertyPath: m_LocalEulerAnglesHint.y
      value: 0
      objectReference: {fileID: 0}
    - target: {fileID: 5831263117877432463, guid: f8cdab31b73b4438f9e09d98e2e48f86,
        type: 3}
      propertyPath: m_LocalEulerAnglesHint.z
      value: 0
      objectReference: {fileID: 0}
    - target: {fileID: 5831263117877432463, guid: f8cdab31b73b4438f9e09d98e2e48f86,
        type: 3}
      propertyPath: m_LocalScale.x
      value: 10
      objectReference: {fileID: 0}
    - target: {fileID: 5831263117877432463, guid: f8cdab31b73b4438f9e09d98e2e48f86,
        type: 3}
      propertyPath: m_LocalScale.z
      value: 10
      objectReference: {fileID: 0}
    - target: {fileID: 3089025577463687829, guid: f8cdab31b73b4438f9e09d98e2e48f86,
        type: 3}
      propertyPath: m_LocalPosition.z
      value: 0
      objectReference: {fileID: 0}
    - target: {fileID: 3089025577463687829, guid: f8cdab31b73b4438f9e09d98e2e48f86,
        type: 3}
      propertyPath: m_LocalScale.z
      value: 0.97
      objectReference: {fileID: 0}
    - target: {fileID: 7705566161968970710, guid: f8cdab31b73b4438f9e09d98e2e48f86,
        type: 3}
      propertyPath: m_LocalScale.z
      value: 0.97
      objectReference: {fileID: 0}
    - target: {fileID: 2544692477433399758, guid: f8cdab31b73b4438f9e09d98e2e48f86,
        type: 3}
      propertyPath: m_IsActive
      value: 0
      objectReference: {fileID: 0}
    - target: {fileID: 1872128217618825395, guid: f8cdab31b73b4438f9e09d98e2e48f86,
        type: 3}
      propertyPath: m_IsActive
      value: 0
      objectReference: {fileID: 0}
    m_RemovedComponents: []
  m_SourcePrefab: {fileID: 100100000, guid: f8cdab31b73b4438f9e09d98e2e48f86, type: 3}
--- !u!1001 &1852532862074731814
PrefabInstance:
  m_ObjectHideFlags: 0
  serializedVersion: 2
  m_Modification:
    m_TransformParent: {fileID: 5177616760922604923}
    m_Modifications:
    - target: {fileID: 3004464981926748419, guid: 1f5f4913a27fa4ca2aae087ad5dfc9f2,
        type: 3}
      propertyPath: m_Name
      value: Tower
      objectReference: {fileID: 0}
    - target: {fileID: 7595877920298293132, guid: 1f5f4913a27fa4ca2aae087ad5dfc9f2,
        type: 3}
      propertyPath: m_LocalPosition.x
      value: -2.47
      objectReference: {fileID: 0}
    - target: {fileID: 7595877920298293132, guid: 1f5f4913a27fa4ca2aae087ad5dfc9f2,
        type: 3}
      propertyPath: m_LocalPosition.y
      value: 0
      objectReference: {fileID: 0}
    - target: {fileID: 7595877920298293132, guid: 1f5f4913a27fa4ca2aae087ad5dfc9f2,
        type: 3}
      propertyPath: m_LocalPosition.z
      value: 19.54
      objectReference: {fileID: 0}
    - target: {fileID: 7595877920298293132, guid: 1f5f4913a27fa4ca2aae087ad5dfc9f2,
        type: 3}
      propertyPath: m_LocalRotation.x
      value: 0
      objectReference: {fileID: 0}
    - target: {fileID: 7595877920298293132, guid: 1f5f4913a27fa4ca2aae087ad5dfc9f2,
        type: 3}
      propertyPath: m_LocalRotation.y
      value: -0.92387956
      objectReference: {fileID: 0}
    - target: {fileID: 7595877920298293132, guid: 1f5f4913a27fa4ca2aae087ad5dfc9f2,
        type: 3}
      propertyPath: m_LocalRotation.z
      value: 0
      objectReference: {fileID: 0}
    - target: {fileID: 7595877920298293132, guid: 1f5f4913a27fa4ca2aae087ad5dfc9f2,
        type: 3}
      propertyPath: m_LocalRotation.w
      value: 0.38268343
      objectReference: {fileID: 0}
    - target: {fileID: 7595877920298293132, guid: 1f5f4913a27fa4ca2aae087ad5dfc9f2,
        type: 3}
      propertyPath: m_RootOrder
      value: 12
      objectReference: {fileID: 0}
    - target: {fileID: 7595877920298293132, guid: 1f5f4913a27fa4ca2aae087ad5dfc9f2,
        type: 3}
      propertyPath: m_LocalEulerAnglesHint.x
      value: 0
      objectReference: {fileID: 0}
    - target: {fileID: 7595877920298293132, guid: 1f5f4913a27fa4ca2aae087ad5dfc9f2,
        type: 3}
      propertyPath: m_LocalEulerAnglesHint.y
      value: -135
      objectReference: {fileID: 0}
    - target: {fileID: 7595877920298293132, guid: 1f5f4913a27fa4ca2aae087ad5dfc9f2,
        type: 3}
      propertyPath: m_LocalEulerAnglesHint.z
      value: 0
      objectReference: {fileID: 0}
    - target: {fileID: 6116801522559386066, guid: 1f5f4913a27fa4ca2aae087ad5dfc9f2,
        type: 3}
      propertyPath: GizmosVisible
      value: 1
      objectReference: {fileID: 0}
    - target: {fileID: 6116801522559386066, guid: 1f5f4913a27fa4ca2aae087ad5dfc9f2,
        type: 3}
      propertyPath: MaxFireDistance.ConstantValue
      value: 35
      objectReference: {fileID: 0}
    - target: {fileID: 6116801522559386066, guid: 1f5f4913a27fa4ca2aae087ad5dfc9f2,
        type: 3}
      propertyPath: MaxAimingDistance.ConstantValue
      value: 40
      objectReference: {fileID: 0}
    m_RemovedComponents: []
  m_SourcePrefab: {fileID: 100100000, guid: 1f5f4913a27fa4ca2aae087ad5dfc9f2, type: 3}
--- !u!1001 &1852532862692183453
PrefabInstance:
  m_ObjectHideFlags: 0
  serializedVersion: 2
  m_Modification:
    m_TransformParent: {fileID: 5177616760922604923}
    m_Modifications:
    - target: {fileID: 3004464981926748419, guid: 1f5f4913a27fa4ca2aae087ad5dfc9f2,
        type: 3}
      propertyPath: m_Name
      value: Tower (1)
      objectReference: {fileID: 0}
    - target: {fileID: 7595877920298293132, guid: 1f5f4913a27fa4ca2aae087ad5dfc9f2,
        type: 3}
      propertyPath: m_LocalPosition.x
      value: -2.68
      objectReference: {fileID: 0}
    - target: {fileID: 7595877920298293132, guid: 1f5f4913a27fa4ca2aae087ad5dfc9f2,
        type: 3}
      propertyPath: m_LocalPosition.y
      value: 0
      objectReference: {fileID: 0}
    - target: {fileID: 7595877920298293132, guid: 1f5f4913a27fa4ca2aae087ad5dfc9f2,
        type: 3}
      propertyPath: m_LocalPosition.z
      value: 30.93
      objectReference: {fileID: 0}
    - target: {fileID: 7595877920298293132, guid: 1f5f4913a27fa4ca2aae087ad5dfc9f2,
        type: 3}
      propertyPath: m_LocalRotation.x
      value: -0
      objectReference: {fileID: 0}
    - target: {fileID: 7595877920298293132, guid: 1f5f4913a27fa4ca2aae087ad5dfc9f2,
        type: 3}
      propertyPath: m_LocalRotation.y
      value: 0.38268343
      objectReference: {fileID: 0}
    - target: {fileID: 7595877920298293132, guid: 1f5f4913a27fa4ca2aae087ad5dfc9f2,
        type: 3}
      propertyPath: m_LocalRotation.z
      value: -0
      objectReference: {fileID: 0}
    - target: {fileID: 7595877920298293132, guid: 1f5f4913a27fa4ca2aae087ad5dfc9f2,
        type: 3}
      propertyPath: m_LocalRotation.w
      value: 0.92387956
      objectReference: {fileID: 0}
    - target: {fileID: 7595877920298293132, guid: 1f5f4913a27fa4ca2aae087ad5dfc9f2,
        type: 3}
      propertyPath: m_RootOrder
      value: 14
      objectReference: {fileID: 0}
    - target: {fileID: 7595877920298293132, guid: 1f5f4913a27fa4ca2aae087ad5dfc9f2,
        type: 3}
      propertyPath: m_LocalEulerAnglesHint.x
      value: 0
      objectReference: {fileID: 0}
    - target: {fileID: 7595877920298293132, guid: 1f5f4913a27fa4ca2aae087ad5dfc9f2,
        type: 3}
      propertyPath: m_LocalEulerAnglesHint.y
      value: 45
      objectReference: {fileID: 0}
    - target: {fileID: 7595877920298293132, guid: 1f5f4913a27fa4ca2aae087ad5dfc9f2,
        type: 3}
      propertyPath: m_LocalEulerAnglesHint.z
      value: 0
      objectReference: {fileID: 0}
    - target: {fileID: 6116801522559386066, guid: 1f5f4913a27fa4ca2aae087ad5dfc9f2,
        type: 3}
      propertyPath: MaxFireDistance.ConstantValue
      value: 35
      objectReference: {fileID: 0}
    - target: {fileID: 6116801522559386066, guid: 1f5f4913a27fa4ca2aae087ad5dfc9f2,
        type: 3}
      propertyPath: MaxAimingDistance.ConstantValue
      value: 40
      objectReference: {fileID: 0}
    m_RemovedComponents: []
  m_SourcePrefab: {fileID: 100100000, guid: 1f5f4913a27fa4ca2aae087ad5dfc9f2, type: 3}
--- !u!1001 &1852532863300405488
PrefabInstance:
  m_ObjectHideFlags: 0
  serializedVersion: 2
  m_Modification:
    m_TransformParent: {fileID: 5177616760922604923}
    m_Modifications:
    - target: {fileID: 3829497781342430522, guid: b690cd786002d4e54a1564d9af3738b3,
        type: 3}
      propertyPath: m_Name
      value: Bomber
      objectReference: {fileID: 0}
    - target: {fileID: 8502481307891864501, guid: b690cd786002d4e54a1564d9af3738b3,
        type: 3}
      propertyPath: m_LocalPosition.x
      value: 25.1
      objectReference: {fileID: 0}
    - target: {fileID: 8502481307891864501, guid: b690cd786002d4e54a1564d9af3738b3,
        type: 3}
      propertyPath: m_LocalPosition.y
      value: 0
      objectReference: {fileID: 0}
    - target: {fileID: 8502481307891864501, guid: b690cd786002d4e54a1564d9af3738b3,
        type: 3}
      propertyPath: m_LocalPosition.z
      value: 21.31
      objectReference: {fileID: 0}
    - target: {fileID: 8502481307891864501, guid: b690cd786002d4e54a1564d9af3738b3,
        type: 3}
      propertyPath: m_LocalRotation.x
      value: 0
      objectReference: {fileID: 0}
    - target: {fileID: 8502481307891864501, guid: b690cd786002d4e54a1564d9af3738b3,
        type: 3}
      propertyPath: m_LocalRotation.y
      value: -0.38268343
      objectReference: {fileID: 0}
    - target: {fileID: 8502481307891864501, guid: b690cd786002d4e54a1564d9af3738b3,
        type: 3}
      propertyPath: m_LocalRotation.z
      value: 0
      objectReference: {fileID: 0}
    - target: {fileID: 8502481307891864501, guid: b690cd786002d4e54a1564d9af3738b3,
        type: 3}
      propertyPath: m_LocalRotation.w
      value: 0.92387956
      objectReference: {fileID: 0}
    - target: {fileID: 8502481307891864501, guid: b690cd786002d4e54a1564d9af3738b3,
        type: 3}
      propertyPath: m_RootOrder
      value: 13
      objectReference: {fileID: 0}
    - target: {fileID: 8502481307891864501, guid: b690cd786002d4e54a1564d9af3738b3,
        type: 3}
      propertyPath: m_LocalEulerAnglesHint.x
      value: 0
      objectReference: {fileID: 0}
    - target: {fileID: 8502481307891864501, guid: b690cd786002d4e54a1564d9af3738b3,
        type: 3}
      propertyPath: m_LocalEulerAnglesHint.y
      value: -45
      objectReference: {fileID: 0}
    - target: {fileID: 8502481307891864501, guid: b690cd786002d4e54a1564d9af3738b3,
        type: 3}
      propertyPath: m_LocalEulerAnglesHint.z
      value: 0
      objectReference: {fileID: 0}
    m_RemovedComponents: []
  m_SourcePrefab: {fileID: 100100000, guid: b690cd786002d4e54a1564d9af3738b3, type: 3}
--- !u!1001 &1890401638037380033
PrefabInstance:
  m_ObjectHideFlags: 0
  serializedVersion: 2
  m_Modification:
    m_TransformParent: {fileID: 5177616760922604923}
    m_Modifications:
    - target: {fileID: 5831263117877432459, guid: 08c12d342baee469a88909840d0cad65,
        type: 3}
      propertyPath: m_Name
      value: Tile Triangle (3)
      objectReference: {fileID: 0}
    - target: {fileID: 5831263117877432463, guid: 08c12d342baee469a88909840d0cad65,
        type: 3}
      propertyPath: m_LocalPosition.x
      value: 20
      objectReference: {fileID: 0}
    - target: {fileID: 5831263117877432463, guid: 08c12d342baee469a88909840d0cad65,
        type: 3}
      propertyPath: m_LocalPosition.y
      value: 0
      objectReference: {fileID: 0}
    - target: {fileID: 5831263117877432463, guid: 08c12d342baee469a88909840d0cad65,
        type: 3}
      propertyPath: m_LocalPosition.z
      value: 30
      objectReference: {fileID: 0}
    - target: {fileID: 5831263117877432463, guid: 08c12d342baee469a88909840d0cad65,
        type: 3}
      propertyPath: m_LocalRotation.x
      value: 0
      objectReference: {fileID: 0}
    - target: {fileID: 5831263117877432463, guid: 08c12d342baee469a88909840d0cad65,
        type: 3}
      propertyPath: m_LocalRotation.y
      value: 0.7071068
      objectReference: {fileID: 0}
    - target: {fileID: 5831263117877432463, guid: 08c12d342baee469a88909840d0cad65,
        type: 3}
      propertyPath: m_LocalRotation.z
      value: 0
      objectReference: {fileID: 0}
    - target: {fileID: 5831263117877432463, guid: 08c12d342baee469a88909840d0cad65,
        type: 3}
      propertyPath: m_LocalRotation.w
      value: 0.7071068
      objectReference: {fileID: 0}
    - target: {fileID: 5831263117877432463, guid: 08c12d342baee469a88909840d0cad65,
        type: 3}
      propertyPath: m_RootOrder
      value: 5
      objectReference: {fileID: 0}
    - target: {fileID: 5831263117877432463, guid: 08c12d342baee469a88909840d0cad65,
        type: 3}
      propertyPath: m_LocalEulerAnglesHint.x
      value: 0
      objectReference: {fileID: 0}
    - target: {fileID: 5831263117877432463, guid: 08c12d342baee469a88909840d0cad65,
        type: 3}
      propertyPath: m_LocalEulerAnglesHint.y
      value: 90
      objectReference: {fileID: 0}
    - target: {fileID: 5831263117877432463, guid: 08c12d342baee469a88909840d0cad65,
        type: 3}
      propertyPath: m_LocalEulerAnglesHint.z
      value: 0
      objectReference: {fileID: 0}
    - target: {fileID: 5831263117877432463, guid: 08c12d342baee469a88909840d0cad65,
        type: 3}
      propertyPath: m_LocalScale.x
      value: 10
      objectReference: {fileID: 0}
    - target: {fileID: 5831263117877432463, guid: 08c12d342baee469a88909840d0cad65,
        type: 3}
      propertyPath: m_LocalScale.z
      value: 10
      objectReference: {fileID: 0}
    - target: {fileID: 6423577577838493489, guid: 08c12d342baee469a88909840d0cad65,
        type: 3}
      propertyPath: m_LocalPosition.x
      value: -0.575
      objectReference: {fileID: 0}
    - target: {fileID: 6423577577838493489, guid: 08c12d342baee469a88909840d0cad65,
        type: 3}
      propertyPath: m_LocalPosition.z
      value: 0.125
      objectReference: {fileID: 0}
    - target: {fileID: 6423577577838493489, guid: 08c12d342baee469a88909840d0cad65,
        type: 3}
      propertyPath: m_LocalScale.x
      value: 1
      objectReference: {fileID: 0}
    - target: {fileID: 2544692477433399758, guid: 08c12d342baee469a88909840d0cad65,
        type: 3}
      propertyPath: m_IsActive
      value: 0
      objectReference: {fileID: 0}
    - target: {fileID: 3040396967339607124, guid: 08c12d342baee469a88909840d0cad65,
        type: 3}
      propertyPath: m_IsActive
      value: 0
      objectReference: {fileID: 0}
    m_RemovedComponents: []
  m_SourcePrefab: {fileID: 100100000, guid: 08c12d342baee469a88909840d0cad65, type: 3}
--- !u!1001 &1964067957554036538
PrefabInstance:
  m_ObjectHideFlags: 0
  serializedVersion: 2
  m_Modification:
    m_TransformParent: {fileID: 5177616760922604923}
    m_Modifications:
    - target: {fileID: 5831263117877432459, guid: 08c12d342baee469a88909840d0cad65,
        type: 3}
      propertyPath: m_Name
      value: Tile Triangle
      objectReference: {fileID: 0}
    - target: {fileID: 5831263117877432463, guid: 08c12d342baee469a88909840d0cad65,
        type: 3}
      propertyPath: m_LocalPosition.x
      value: 0
      objectReference: {fileID: 0}
    - target: {fileID: 5831263117877432463, guid: 08c12d342baee469a88909840d0cad65,
        type: 3}
      propertyPath: m_LocalPosition.y
      value: 0
      objectReference: {fileID: 0}
    - target: {fileID: 5831263117877432463, guid: 08c12d342baee469a88909840d0cad65,
        type: 3}
      propertyPath: m_LocalPosition.z
      value: 10
      objectReference: {fileID: 0}
    - target: {fileID: 5831263117877432463, guid: 08c12d342baee469a88909840d0cad65,
        type: 3}
      propertyPath: m_LocalRotation.x
      value: 0
      objectReference: {fileID: 0}
    - target: {fileID: 5831263117877432463, guid: 08c12d342baee469a88909840d0cad65,
        type: 3}
      propertyPath: m_LocalRotation.y
      value: 0
      objectReference: {fileID: 0}
    - target: {fileID: 5831263117877432463, guid: 08c12d342baee469a88909840d0cad65,
        type: 3}
      propertyPath: m_LocalRotation.z
      value: 0
      objectReference: {fileID: 0}
    - target: {fileID: 5831263117877432463, guid: 08c12d342baee469a88909840d0cad65,
        type: 3}
      propertyPath: m_LocalRotation.w
      value: 1
      objectReference: {fileID: 0}
    - target: {fileID: 5831263117877432463, guid: 08c12d342baee469a88909840d0cad65,
        type: 3}
      propertyPath: m_RootOrder
      value: 1
      objectReference: {fileID: 0}
    - target: {fileID: 5831263117877432463, guid: 08c12d342baee469a88909840d0cad65,
        type: 3}
      propertyPath: m_LocalEulerAnglesHint.x
      value: 0
      objectReference: {fileID: 0}
    - target: {fileID: 5831263117877432463, guid: 08c12d342baee469a88909840d0cad65,
        type: 3}
      propertyPath: m_LocalEulerAnglesHint.y
      value: 0
      objectReference: {fileID: 0}
    - target: {fileID: 5831263117877432463, guid: 08c12d342baee469a88909840d0cad65,
        type: 3}
      propertyPath: m_LocalEulerAnglesHint.z
      value: 0
      objectReference: {fileID: 0}
    - target: {fileID: 5831263117877432463, guid: 08c12d342baee469a88909840d0cad65,
        type: 3}
      propertyPath: m_LocalScale.x
      value: 10
      objectReference: {fileID: 0}
    - target: {fileID: 5831263117877432463, guid: 08c12d342baee469a88909840d0cad65,
        type: 3}
      propertyPath: m_LocalScale.z
      value: 10
      objectReference: {fileID: 0}
    - target: {fileID: 2544692477433399758, guid: 08c12d342baee469a88909840d0cad65,
        type: 3}
      propertyPath: m_IsActive
      value: 0
      objectReference: {fileID: 0}
    - target: {fileID: 3040396967339607124, guid: 08c12d342baee469a88909840d0cad65,
        type: 3}
      propertyPath: m_IsActive
      value: 0
      objectReference: {fileID: 0}
    m_RemovedComponents: []
  m_SourcePrefab: {fileID: 100100000, guid: 08c12d342baee469a88909840d0cad65, type: 3}
--- !u!1001 &2281285731666226290
PrefabInstance:
  m_ObjectHideFlags: 0
  serializedVersion: 2
  m_Modification:
    m_TransformParent: {fileID: 5177616760922604923}
    m_Modifications:
    - target: {fileID: 5831263117877432459, guid: 08c12d342baee469a88909840d0cad65,
        type: 3}
      propertyPath: m_Name
      value: Tile Triangle (5)
      objectReference: {fileID: 0}
    - target: {fileID: 5831263117877432463, guid: 08c12d342baee469a88909840d0cad65,
        type: 3}
      propertyPath: m_LocalPosition.x
      value: 0
      objectReference: {fileID: 0}
    - target: {fileID: 5831263117877432463, guid: 08c12d342baee469a88909840d0cad65,
        type: 3}
      propertyPath: m_LocalPosition.y
      value: 0
      objectReference: {fileID: 0}
    - target: {fileID: 5831263117877432463, guid: 08c12d342baee469a88909840d0cad65,
        type: 3}
      propertyPath: m_LocalPosition.z
      value: 40
      objectReference: {fileID: 0}
    - target: {fileID: 5831263117877432463, guid: 08c12d342baee469a88909840d0cad65,
        type: 3}
      propertyPath: m_LocalRotation.x
      value: 0
      objectReference: {fileID: 0}
    - target: {fileID: 5831263117877432463, guid: 08c12d342baee469a88909840d0cad65,
        type: 3}
      propertyPath: m_LocalRotation.y
      value: 0.7071068
      objectReference: {fileID: 0}
    - target: {fileID: 5831263117877432463, guid: 08c12d342baee469a88909840d0cad65,
        type: 3}
      propertyPath: m_LocalRotation.z
      value: -0
      objectReference: {fileID: 0}
    - target: {fileID: 5831263117877432463, guid: 08c12d342baee469a88909840d0cad65,
        type: 3}
      propertyPath: m_LocalRotation.w
      value: -0.7071068
      objectReference: {fileID: 0}
    - target: {fileID: 5831263117877432463, guid: 08c12d342baee469a88909840d0cad65,
        type: 3}
      propertyPath: m_RootOrder
      value: 9
      objectReference: {fileID: 0}
    - target: {fileID: 5831263117877432463, guid: 08c12d342baee469a88909840d0cad65,
        type: 3}
      propertyPath: m_LocalEulerAnglesHint.x
      value: 0
      objectReference: {fileID: 0}
    - target: {fileID: 5831263117877432463, guid: 08c12d342baee469a88909840d0cad65,
        type: 3}
      propertyPath: m_LocalEulerAnglesHint.y
      value: 270
      objectReference: {fileID: 0}
    - target: {fileID: 5831263117877432463, guid: 08c12d342baee469a88909840d0cad65,
        type: 3}
      propertyPath: m_LocalEulerAnglesHint.z
      value: 0
      objectReference: {fileID: 0}
    - target: {fileID: 5831263117877432463, guid: 08c12d342baee469a88909840d0cad65,
        type: 3}
      propertyPath: m_LocalScale.x
      value: 10
      objectReference: {fileID: 0}
    - target: {fileID: 5831263117877432463, guid: 08c12d342baee469a88909840d0cad65,
        type: 3}
      propertyPath: m_LocalScale.z
      value: 10
      objectReference: {fileID: 0}
    - target: {fileID: 2544692477433399758, guid: 08c12d342baee469a88909840d0cad65,
        type: 3}
      propertyPath: m_IsActive
      value: 0
      objectReference: {fileID: 0}
    - target: {fileID: 3040396967339607124, guid: 08c12d342baee469a88909840d0cad65,
        type: 3}
      propertyPath: m_IsActive
      value: 0
      objectReference: {fileID: 0}
    m_RemovedComponents: []
  m_SourcePrefab: {fileID: 100100000, guid: 08c12d342baee469a88909840d0cad65, type: 3}
--- !u!1001 &2740285196608677595
PrefabInstance:
  m_ObjectHideFlags: 0
  serializedVersion: 2
  m_Modification:
    m_TransformParent: {fileID: 5177616760922604923}
    m_Modifications:
    - target: {fileID: 1040116904514537691, guid: ec592c7df285f42848947cfbff27bf1e,
        type: 3}
      propertyPath: m_Name
      value: Obstacle (1)
      objectReference: {fileID: 0}
    - target: {fileID: 5670383395304781657, guid: ec592c7df285f42848947cfbff27bf1e,
        type: 3}
      propertyPath: m_LocalPosition.x
      value: 3.5
      objectReference: {fileID: 0}
    - target: {fileID: 5670383395304781657, guid: ec592c7df285f42848947cfbff27bf1e,
        type: 3}
      propertyPath: m_LocalPosition.y
      value: -3
      objectReference: {fileID: 0}
    - target: {fileID: 5670383395304781657, guid: ec592c7df285f42848947cfbff27bf1e,
        type: 3}
      propertyPath: m_LocalPosition.z
      value: 22
      objectReference: {fileID: 0}
    - target: {fileID: 5670383395304781657, guid: ec592c7df285f42848947cfbff27bf1e,
        type: 3}
      propertyPath: m_LocalRotation.x
      value: -0
      objectReference: {fileID: 0}
    - target: {fileID: 5670383395304781657, guid: ec592c7df285f42848947cfbff27bf1e,
        type: 3}
      propertyPath: m_LocalRotation.y
      value: -0
      objectReference: {fileID: 0}
    - target: {fileID: 5670383395304781657, guid: ec592c7df285f42848947cfbff27bf1e,
        type: 3}
      propertyPath: m_LocalRotation.z
      value: -0
      objectReference: {fileID: 0}
    - target: {fileID: 5670383395304781657, guid: ec592c7df285f42848947cfbff27bf1e,
        type: 3}
      propertyPath: m_LocalRotation.w
      value: 1
      objectReference: {fileID: 0}
    - target: {fileID: 5670383395304781657, guid: ec592c7df285f42848947cfbff27bf1e,
        type: 3}
      propertyPath: m_RootOrder
      value: 16
      objectReference: {fileID: 0}
    - target: {fileID: 5670383395304781657, guid: ec592c7df285f42848947cfbff27bf1e,
        type: 3}
      propertyPath: m_LocalEulerAnglesHint.x
      value: 0
      objectReference: {fileID: 0}
    - target: {fileID: 5670383395304781657, guid: ec592c7df285f42848947cfbff27bf1e,
        type: 3}
      propertyPath: m_LocalEulerAnglesHint.y
      value: 0
      objectReference: {fileID: 0}
    - target: {fileID: 5670383395304781657, guid: ec592c7df285f42848947cfbff27bf1e,
        type: 3}
      propertyPath: m_LocalEulerAnglesHint.z
      value: 0
      objectReference: {fileID: 0}
    - target: {fileID: 5670383395304781657, guid: ec592c7df285f42848947cfbff27bf1e,
        type: 3}
      propertyPath: m_LocalScale.y
      value: 12
      objectReference: {fileID: 0}
    - target: {fileID: 5670383395304781657, guid: ec592c7df285f42848947cfbff27bf1e,
        type: 3}
      propertyPath: m_LocalScale.x
      value: 2
      objectReference: {fileID: 0}
    - target: {fileID: 5670383395304781657, guid: ec592c7df285f42848947cfbff27bf1e,
        type: 3}
      propertyPath: m_LocalScale.z
      value: 2
      objectReference: {fileID: 0}
    m_RemovedComponents: []
  m_SourcePrefab: {fileID: 100100000, guid: ec592c7df285f42848947cfbff27bf1e, type: 3}
--- !u!1001 &3147004490934366126
PrefabInstance:
  m_ObjectHideFlags: 0
  serializedVersion: 2
  m_Modification:
    m_TransformParent: {fileID: 5177616760922604923}
    m_Modifications:
    - target: {fileID: 1040116904514537691, guid: ec592c7df285f42848947cfbff27bf1e,
        type: 3}
      propertyPath: m_Name
      value: Obstacle (2)
      objectReference: {fileID: 0}
    - target: {fileID: 5670383395304781657, guid: ec592c7df285f42848947cfbff27bf1e,
        type: 3}
      propertyPath: m_LocalPosition.x
      value: 3.5
      objectReference: {fileID: 0}
    - target: {fileID: 5670383395304781657, guid: ec592c7df285f42848947cfbff27bf1e,
        type: 3}
      propertyPath: m_LocalPosition.y
      value: -3
      objectReference: {fileID: 0}
    - target: {fileID: 5670383395304781657, guid: ec592c7df285f42848947cfbff27bf1e,
        type: 3}
      propertyPath: m_LocalPosition.z
      value: 28
      objectReference: {fileID: 0}
    - target: {fileID: 5670383395304781657, guid: ec592c7df285f42848947cfbff27bf1e,
        type: 3}
      propertyPath: m_LocalRotation.x
      value: -0
      objectReference: {fileID: 0}
    - target: {fileID: 5670383395304781657, guid: ec592c7df285f42848947cfbff27bf1e,
        type: 3}
      propertyPath: m_LocalRotation.y
      value: -0
      objectReference: {fileID: 0}
    - target: {fileID: 5670383395304781657, guid: ec592c7df285f42848947cfbff27bf1e,
        type: 3}
      propertyPath: m_LocalRotation.z
      value: -0
      objectReference: {fileID: 0}
    - target: {fileID: 5670383395304781657, guid: ec592c7df285f42848947cfbff27bf1e,
        type: 3}
      propertyPath: m_LocalRotation.w
      value: 1
      objectReference: {fileID: 0}
    - target: {fileID: 5670383395304781657, guid: ec592c7df285f42848947cfbff27bf1e,
        type: 3}
      propertyPath: m_RootOrder
      value: 17
      objectReference: {fileID: 0}
    - target: {fileID: 5670383395304781657, guid: ec592c7df285f42848947cfbff27bf1e,
        type: 3}
      propertyPath: m_LocalEulerAnglesHint.x
      value: 0
      objectReference: {fileID: 0}
    - target: {fileID: 5670383395304781657, guid: ec592c7df285f42848947cfbff27bf1e,
        type: 3}
      propertyPath: m_LocalEulerAnglesHint.y
      value: 0
      objectReference: {fileID: 0}
    - target: {fileID: 5670383395304781657, guid: ec592c7df285f42848947cfbff27bf1e,
        type: 3}
      propertyPath: m_LocalEulerAnglesHint.z
      value: 0
      objectReference: {fileID: 0}
    - target: {fileID: 5670383395304781657, guid: ec592c7df285f42848947cfbff27bf1e,
        type: 3}
      propertyPath: m_LocalScale.y
      value: 12
      objectReference: {fileID: 0}
    - target: {fileID: 5670383395304781657, guid: ec592c7df285f42848947cfbff27bf1e,
        type: 3}
      propertyPath: m_LocalScale.x
      value: 2
      objectReference: {fileID: 0}
    - target: {fileID: 5670383395304781657, guid: ec592c7df285f42848947cfbff27bf1e,
        type: 3}
      propertyPath: m_LocalScale.z
      value: 2
      objectReference: {fileID: 0}
    m_RemovedComponents: []
  m_SourcePrefab: {fileID: 100100000, guid: ec592c7df285f42848947cfbff27bf1e, type: 3}
--- !u!1001 &3716507981959600503
PrefabInstance:
  m_ObjectHideFlags: 0
  serializedVersion: 2
  m_Modification:
    m_TransformParent: {fileID: 5177616760922604923}
    m_Modifications:
    - target: {fileID: 5831263117877432459, guid: 08c12d342baee469a88909840d0cad65,
        type: 3}
      propertyPath: m_Name
      value: Tile Triangle (1)
      objectReference: {fileID: 0}
    - target: {fileID: 5831263117877432463, guid: 08c12d342baee469a88909840d0cad65,
        type: 3}
      propertyPath: m_LocalPosition.x
      value: 10
      objectReference: {fileID: 0}
    - target: {fileID: 5831263117877432463, guid: 08c12d342baee469a88909840d0cad65,
        type: 3}
      propertyPath: m_LocalPosition.y
      value: 0
      objectReference: {fileID: 0}
    - target: {fileID: 5831263117877432463, guid: 08c12d342baee469a88909840d0cad65,
        type: 3}
      propertyPath: m_LocalPosition.z
      value: 10
      objectReference: {fileID: 0}
    - target: {fileID: 5831263117877432463, guid: 08c12d342baee469a88909840d0cad65,
        type: 3}
      propertyPath: m_LocalRotation.x
      value: 0
      objectReference: {fileID: 0}
    - target: {fileID: 5831263117877432463, guid: 08c12d342baee469a88909840d0cad65,
        type: 3}
      propertyPath: m_LocalRotation.y
      value: 1
      objectReference: {fileID: 0}
    - target: {fileID: 5831263117877432463, guid: 08c12d342baee469a88909840d0cad65,
        type: 3}
      propertyPath: m_LocalRotation.z
      value: 0
      objectReference: {fileID: 0}
    - target: {fileID: 5831263117877432463, guid: 08c12d342baee469a88909840d0cad65,
        type: 3}
      propertyPath: m_LocalRotation.w
      value: 0
      objectReference: {fileID: 0}
    - target: {fileID: 5831263117877432463, guid: 08c12d342baee469a88909840d0cad65,
        type: 3}
      propertyPath: m_RootOrder
      value: 2
      objectReference: {fileID: 0}
    - target: {fileID: 5831263117877432463, guid: 08c12d342baee469a88909840d0cad65,
        type: 3}
      propertyPath: m_LocalEulerAnglesHint.x
      value: 0
      objectReference: {fileID: 0}
    - target: {fileID: 5831263117877432463, guid: 08c12d342baee469a88909840d0cad65,
        type: 3}
      propertyPath: m_LocalEulerAnglesHint.y
      value: 180
      objectReference: {fileID: 0}
    - target: {fileID: 5831263117877432463, guid: 08c12d342baee469a88909840d0cad65,
        type: 3}
      propertyPath: m_LocalEulerAnglesHint.z
      value: 0
      objectReference: {fileID: 0}
    - target: {fileID: 5831263117877432463, guid: 08c12d342baee469a88909840d0cad65,
        type: 3}
      propertyPath: m_LocalScale.x
      value: 10
      objectReference: {fileID: 0}
    - target: {fileID: 5831263117877432463, guid: 08c12d342baee469a88909840d0cad65,
        type: 3}
      propertyPath: m_LocalScale.z
      value: 10
      objectReference: {fileID: 0}
    - target: {fileID: 2544692477433399758, guid: 08c12d342baee469a88909840d0cad65,
        type: 3}
      propertyPath: m_IsActive
      value: 0
      objectReference: {fileID: 0}
    - target: {fileID: 3040396967339607124, guid: 08c12d342baee469a88909840d0cad65,
        type: 3}
      propertyPath: m_IsActive
      value: 0
      objectReference: {fileID: 0}
    m_RemovedComponents: []
  m_SourcePrefab: {fileID: 100100000, guid: 08c12d342baee469a88909840d0cad65, type: 3}
--- !u!1001 &4981868574223005045
PrefabInstance:
  m_ObjectHideFlags: 0
  serializedVersion: 2
  m_Modification:
    m_TransformParent: {fileID: 0}
    m_Modifications:
    - target: {fileID: 5640450437911808682}
      propertyPath: m_Name
      value: LB 10to10 3
      objectReference: {fileID: 0}
    - target: {fileID: 5177616760922604923}
      propertyPath: m_LocalPosition.x
      value: 0
      objectReference: {fileID: 0}
    - target: {fileID: 5177616760922604923}
      propertyPath: m_LocalPosition.y
      value: 0
      objectReference: {fileID: 0}
    - target: {fileID: 5177616760922604923}
      propertyPath: m_LocalPosition.z
      value: 0
      objectReference: {fileID: 0}
    - target: {fileID: 5177616760922604923}
      propertyPath: m_LocalRotation.x
      value: 0
      objectReference: {fileID: 0}
    - target: {fileID: 5177616760922604923}
      propertyPath: m_LocalRotation.y
      value: 0
      objectReference: {fileID: 0}
    - target: {fileID: 5177616760922604923}
      propertyPath: m_LocalRotation.z
      value: 0
      objectReference: {fileID: 0}
    - target: {fileID: 5177616760922604923}
      propertyPath: m_LocalRotation.w
      value: 1
      objectReference: {fileID: 0}
    - target: {fileID: 5177616760922604923}
      propertyPath: m_RootOrder
      value: 0
      objectReference: {fileID: 0}
    - target: {fileID: 5177616760922604923}
      propertyPath: m_LocalEulerAnglesHint.x
      value: 0
      objectReference: {fileID: 0}
    - target: {fileID: 5177616760922604923}
      propertyPath: m_LocalEulerAnglesHint.y
      value: 0
      objectReference: {fileID: 0}
    - target: {fileID: 5177616760922604923}
      propertyPath: m_LocalEulerAnglesHint.z
      value: 0
      objectReference: {fileID: 0}
    - target: {fileID: 5640450437911808682}
      propertyPath: m_Name
      value: LB 10to10 3
      objectReference: {fileID: 0}
    - target: {fileID: 5640450437911808682}
      propertyPath: m_Name
      value: LB 10to10 3
      objectReference: {fileID: 0}
    - target: {fileID: 5640450437911808682}
      propertyPath: m_Name
      value: LB 10to10 3
      objectReference: {fileID: 0}
    - target: {fileID: 5640450437911808682}
      propertyPath: m_Name
      value: LB 10to10 3
      objectReference: {fileID: 0}
    - target: {fileID: 821274555116978143, guid: cc3c3b8c89cbb49468f81a867f407c80,
        type: 3}
      propertyPath: m_Name
      value: LB 10to10 3
      objectReference: {fileID: 0}
    m_RemovedComponents: []
  m_SourcePrefab: {fileID: 100100000, guid: cc3c3b8c89cbb49468f81a867f407c80, type: 3}
--- !u!1 &5640450437911808682 stripped
GameObject:
  m_CorrespondingSourceObject: {fileID: 821274555116978143, guid: cc3c3b8c89cbb49468f81a867f407c80,
    type: 3}
  m_PrefabInstance: {fileID: 4981868574223005045}
  m_PrefabAsset: {fileID: 0}
--- !u!4 &5177616760922604923 stripped
Transform:
  m_CorrespondingSourceObject: {fileID: 214396047388635150, guid: cc3c3b8c89cbb49468f81a867f407c80,
    type: 3}
  m_PrefabInstance: {fileID: 4981868574223005045}
  m_PrefabAsset: {fileID: 0}
--- !u!1001 &5062750195068043082
PrefabInstance:
  m_ObjectHideFlags: 0
  serializedVersion: 2
  m_Modification:
    m_TransformParent: {fileID: 5177616760922604923}
    m_Modifications:
    - target: {fileID: 5831263117877432459, guid: 08c12d342baee469a88909840d0cad65,
        type: 3}
      propertyPath: m_Name
      value: Tile Triangle (4)
      objectReference: {fileID: 0}
    - target: {fileID: 5831263117877432463, guid: 08c12d342baee469a88909840d0cad65,
        type: 3}
      propertyPath: m_LocalPosition.x
      value: 10
      objectReference: {fileID: 0}
    - target: {fileID: 5831263117877432463, guid: 08c12d342baee469a88909840d0cad65,
        type: 3}
      propertyPath: m_LocalPosition.y
      value: 0
      objectReference: {fileID: 0}
    - target: {fileID: 5831263117877432463, guid: 08c12d342baee469a88909840d0cad65,
        type: 3}
      propertyPath: m_LocalPosition.z
      value: 40
      objectReference: {fileID: 0}
    - target: {fileID: 5831263117877432463, guid: 08c12d342baee469a88909840d0cad65,
        type: 3}
      propertyPath: m_LocalRotation.x
      value: 0
      objectReference: {fileID: 0}
    - target: {fileID: 5831263117877432463, guid: 08c12d342baee469a88909840d0cad65,
        type: 3}
      propertyPath: m_LocalRotation.y
      value: 0.7071068
      objectReference: {fileID: 0}
    - target: {fileID: 5831263117877432463, guid: 08c12d342baee469a88909840d0cad65,
        type: 3}
      propertyPath: m_LocalRotation.z
      value: 0
      objectReference: {fileID: 0}
    - target: {fileID: 5831263117877432463, guid: 08c12d342baee469a88909840d0cad65,
        type: 3}
      propertyPath: m_LocalRotation.w
      value: 0.7071068
      objectReference: {fileID: 0}
    - target: {fileID: 5831263117877432463, guid: 08c12d342baee469a88909840d0cad65,
        type: 3}
      propertyPath: m_RootOrder
      value: 8
      objectReference: {fileID: 0}
    - target: {fileID: 5831263117877432463, guid: 08c12d342baee469a88909840d0cad65,
        type: 3}
      propertyPath: m_LocalEulerAnglesHint.x
      value: 0
      objectReference: {fileID: 0}
    - target: {fileID: 5831263117877432463, guid: 08c12d342baee469a88909840d0cad65,
        type: 3}
      propertyPath: m_LocalEulerAnglesHint.y
      value: 90
      objectReference: {fileID: 0}
    - target: {fileID: 5831263117877432463, guid: 08c12d342baee469a88909840d0cad65,
        type: 3}
      propertyPath: m_LocalEulerAnglesHint.z
      value: 0
      objectReference: {fileID: 0}
    - target: {fileID: 5831263117877432463, guid: 08c12d342baee469a88909840d0cad65,
        type: 3}
      propertyPath: m_LocalScale.x
      value: 10
      objectReference: {fileID: 0}
    - target: {fileID: 5831263117877432463, guid: 08c12d342baee469a88909840d0cad65,
        type: 3}
      propertyPath: m_LocalScale.z
      value: 10
      objectReference: {fileID: 0}
    - target: {fileID: 2544692477433399758, guid: 08c12d342baee469a88909840d0cad65,
        type: 3}
      propertyPath: m_IsActive
      value: 0
      objectReference: {fileID: 0}
    - target: {fileID: 3040396967339607124, guid: 08c12d342baee469a88909840d0cad65,
        type: 3}
      propertyPath: m_IsActive
      value: 0
      objectReference: {fileID: 0}
    m_RemovedComponents: []
  m_SourcePrefab: {fileID: 100100000, guid: 08c12d342baee469a88909840d0cad65, type: 3}
--- !u!1001 &5603219095413209481
PrefabInstance:
  m_ObjectHideFlags: 0
  serializedVersion: 2
  m_Modification:
    m_TransformParent: {fileID: 5177616760922604923}
    m_Modifications:
    - target: {fileID: 5831263117877432459, guid: f8cdab31b73b4438f9e09d98e2e48f86,
        type: 3}
      propertyPath: m_Name
      value: Tile Square (2)
      objectReference: {fileID: 0}
    - target: {fileID: 5831263117877432463, guid: f8cdab31b73b4438f9e09d98e2e48f86,
        type: 3}
      propertyPath: m_LocalPosition.x
      value: 25
      objectReference: {fileID: 0}
    - target: {fileID: 5831263117877432463, guid: f8cdab31b73b4438f9e09d98e2e48f86,
        type: 3}
      propertyPath: m_LocalPosition.y
      value: 0
      objectReference: {fileID: 0}
    - target: {fileID: 5831263117877432463, guid: f8cdab31b73b4438f9e09d98e2e48f86,
        type: 3}
      propertyPath: m_LocalPosition.z
      value: 28.54
      objectReference: {fileID: 0}
    - target: {fileID: 5831263117877432463, guid: f8cdab31b73b4438f9e09d98e2e48f86,
        type: 3}
      propertyPath: m_LocalRotation.x
      value: 0
      objectReference: {fileID: 0}
    - target: {fileID: 5831263117877432463, guid: f8cdab31b73b4438f9e09d98e2e48f86,
        type: 3}
      propertyPath: m_LocalRotation.y
      value: 0.38268343
      objectReference: {fileID: 0}
    - target: {fileID: 5831263117877432463, guid: f8cdab31b73b4438f9e09d98e2e48f86,
        type: 3}
      propertyPath: m_LocalRotation.z
      value: 0
      objectReference: {fileID: 0}
    - target: {fileID: 5831263117877432463, guid: f8cdab31b73b4438f9e09d98e2e48f86,
        type: 3}
      propertyPath: m_LocalRotation.w
      value: 0.92387956
      objectReference: {fileID: 0}
    - target: {fileID: 5831263117877432463, guid: f8cdab31b73b4438f9e09d98e2e48f86,
        type: 3}
      propertyPath: m_RootOrder
      value: 6
      objectReference: {fileID: 0}
    - target: {fileID: 5831263117877432463, guid: f8cdab31b73b4438f9e09d98e2e48f86,
        type: 3}
      propertyPath: m_LocalEulerAnglesHint.x
      value: 0
      objectReference: {fileID: 0}
    - target: {fileID: 5831263117877432463, guid: f8cdab31b73b4438f9e09d98e2e48f86,
        type: 3}
      propertyPath: m_LocalEulerAnglesHint.y
      value: 45
      objectReference: {fileID: 0}
    - target: {fileID: 5831263117877432463, guid: f8cdab31b73b4438f9e09d98e2e48f86,
        type: 3}
      propertyPath: m_LocalEulerAnglesHint.z
      value: 0
      objectReference: {fileID: 0}
    - target: {fileID: 5831263117877432463, guid: f8cdab31b73b4438f9e09d98e2e48f86,
        type: 3}
      propertyPath: m_LocalScale.x
      value: 5
      objectReference: {fileID: 0}
    - target: {fileID: 5831263117877432463, guid: f8cdab31b73b4438f9e09d98e2e48f86,
        type: 3}
      propertyPath: m_LocalScale.z
      value: 5
      objectReference: {fileID: 0}
    - target: {fileID: 2544692477433399758, guid: f8cdab31b73b4438f9e09d98e2e48f86,
        type: 3}
      propertyPath: m_IsActive
      value: 0
      objectReference: {fileID: 0}
    m_RemovedComponents: []
  m_SourcePrefab: {fileID: 100100000, guid: f8cdab31b73b4438f9e09d98e2e48f86, type: 3}
--- !u!1001 &6070317486626061598
PrefabInstance:
  m_ObjectHideFlags: 0
  serializedVersion: 2
  m_Modification:
    m_TransformParent: {fileID: 5177616760922604923}
    m_Modifications:
    - target: {fileID: 5640450437911808682, guid: ebd69e8309ecd464a98d731ad4f28ee3,
        type: 3}
      propertyPath: m_Name
      value: LB 10to20
      objectReference: {fileID: 0}
    - target: {fileID: 5177616760922604923, guid: ebd69e8309ecd464a98d731ad4f28ee3,
        type: 3}
      propertyPath: m_LocalPosition.x
      value: -2
      objectReference: {fileID: 0}
    - target: {fileID: 5177616760922604923, guid: ebd69e8309ecd464a98d731ad4f28ee3,
        type: 3}
      propertyPath: m_LocalPosition.y
      value: -0
      objectReference: {fileID: 0}
    - target: {fileID: 5177616760922604923, guid: ebd69e8309ecd464a98d731ad4f28ee3,
        type: 3}
      propertyPath: m_LocalPosition.z
      value: 25
      objectReference: {fileID: 0}
    - target: {fileID: 5177616760922604923, guid: ebd69e8309ecd464a98d731ad4f28ee3,
        type: 3}
      propertyPath: m_LocalRotation.x
      value: -1.5323513e-17
      objectReference: {fileID: 0}
    - target: {fileID: 5177616760922604923, guid: ebd69e8309ecd464a98d731ad4f28ee3,
        type: 3}
      propertyPath: m_LocalRotation.y
      value: 0.7033469
      objectReference: {fileID: 0}
    - target: {fileID: 5177616760922604923, guid: ebd69e8309ecd464a98d731ad4f28ee3,
        type: 3}
      propertyPath: m_LocalRotation.z
      value: 0.00000008384548
      objectReference: {fileID: 0}
    - target: {fileID: 5177616760922604923, guid: ebd69e8309ecd464a98d731ad4f28ee3,
        type: 3}
      propertyPath: m_LocalRotation.w
      value: 0.7108468
      objectReference: {fileID: 0}
    - target: {fileID: 5177616760922604923, guid: ebd69e8309ecd464a98d731ad4f28ee3,
        type: 3}
      propertyPath: m_RootOrder
      value: 11
      objectReference: {fileID: 0}
    - target: {fileID: 5177616760922604923, guid: ebd69e8309ecd464a98d731ad4f28ee3,
        type: 3}
      propertyPath: m_LocalEulerAnglesHint.x
      value: 0
      objectReference: {fileID: 0}
    - target: {fileID: 5177616760922604923, guid: ebd69e8309ecd464a98d731ad4f28ee3,
        type: 3}
      propertyPath: m_LocalEulerAnglesHint.y
      value: 89.392006
      objectReference: {fileID: 0}
    - target: {fileID: 5177616760922604923, guid: ebd69e8309ecd464a98d731ad4f28ee3,
        type: 3}
      propertyPath: m_LocalEulerAnglesHint.z
      value: 0
      objectReference: {fileID: 0}
    - target: {fileID: 5177616760922604923, guid: ebd69e8309ecd464a98d731ad4f28ee3,
        type: 3}
      propertyPath: m_LocalScale.x
      value: 0.8
      objectReference: {fileID: 0}
    - target: {fileID: 5177616760922604923, guid: ebd69e8309ecd464a98d731ad4f28ee3,
        type: 3}
      propertyPath: m_LocalScale.z
      value: 0.8
      objectReference: {fileID: 0}
    - target: {fileID: 3678676639293401251, guid: ebd69e8309ecd464a98d731ad4f28ee3,
        type: 3}
      propertyPath: m_IsActive
      value: 1
      objectReference: {fileID: 0}
    - target: {fileID: 695518118662726110, guid: ebd69e8309ecd464a98d731ad4f28ee3,
        type: 3}
      propertyPath: m_IsActive
      value: 1
      objectReference: {fileID: 0}
    m_RemovedComponents: []
  m_SourcePrefab: {fileID: 100100000, guid: ebd69e8309ecd464a98d731ad4f28ee3, type: 3}
--- !u!1001 &7722518413207872879
PrefabInstance:
  m_ObjectHideFlags: 0
  serializedVersion: 2
  m_Modification:
    m_TransformParent: {fileID: 5177616760922604923}
    m_Modifications:
    - target: {fileID: 1040116904514537691, guid: ec592c7df285f42848947cfbff27bf1e,
        type: 3}
      propertyPath: m_Name
      value: Obstacle
      objectReference: {fileID: 0}
    - target: {fileID: 5670383395304781657, guid: ec592c7df285f42848947cfbff27bf1e,
        type: 3}
      propertyPath: m_LocalPosition.x
      value: 28.65
      objectReference: {fileID: 0}
    - target: {fileID: 5670383395304781657, guid: ec592c7df285f42848947cfbff27bf1e,
        type: 3}
      propertyPath: m_LocalPosition.y
      value: -3
      objectReference: {fileID: 0}
    - target: {fileID: 5670383395304781657, guid: ec592c7df285f42848947cfbff27bf1e,
        type: 3}
      propertyPath: m_LocalPosition.z
      value: 25.06
      objectReference: {fileID: 0}
    - target: {fileID: 5670383395304781657, guid: ec592c7df285f42848947cfbff27bf1e,
        type: 3}
      propertyPath: m_LocalRotation.x
      value: 0
      objectReference: {fileID: 0}
    - target: {fileID: 5670383395304781657, guid: ec592c7df285f42848947cfbff27bf1e,
        type: 3}
      propertyPath: m_LocalRotation.y
      value: 0.38268343
      objectReference: {fileID: 0}
    - target: {fileID: 5670383395304781657, guid: ec592c7df285f42848947cfbff27bf1e,
        type: 3}
      propertyPath: m_LocalRotation.z
      value: 0
      objectReference: {fileID: 0}
    - target: {fileID: 5670383395304781657, guid: ec592c7df285f42848947cfbff27bf1e,
        type: 3}
      propertyPath: m_LocalRotation.w
      value: 0.92387956
      objectReference: {fileID: 0}
    - target: {fileID: 5670383395304781657, guid: ec592c7df285f42848947cfbff27bf1e,
        type: 3}
      propertyPath: m_RootOrder
      value: 15
      objectReference: {fileID: 0}
    - target: {fileID: 5670383395304781657, guid: ec592c7df285f42848947cfbff27bf1e,
        type: 3}
      propertyPath: m_LocalEulerAnglesHint.x
      value: 0
      objectReference: {fileID: 0}
    - target: {fileID: 5670383395304781657, guid: ec592c7df285f42848947cfbff27bf1e,
        type: 3}
      propertyPath: m_LocalEulerAnglesHint.y
      value: 45
      objectReference: {fileID: 0}
    - target: {fileID: 5670383395304781657, guid: ec592c7df285f42848947cfbff27bf1e,
        type: 3}
      propertyPath: m_LocalEulerAnglesHint.z
      value: 0
      objectReference: {fileID: 0}
    - target: {fileID: 5670383395304781657, guid: ec592c7df285f42848947cfbff27bf1e,
        type: 3}
      propertyPath: m_LocalScale.x
      value: 5
      objectReference: {fileID: 0}
    - target: {fileID: 5670383395304781657, guid: ec592c7df285f42848947cfbff27bf1e,
        type: 3}
      propertyPath: m_LocalScale.z
      value: 5
      objectReference: {fileID: 0}
    - target: {fileID: 5670383395304781657, guid: ec592c7df285f42848947cfbff27bf1e,
        type: 3}
      propertyPath: m_LocalScale.y
      value: 12
      objectReference: {fileID: 0}
    m_RemovedComponents: []
  m_SourcePrefab: {fileID: 100100000, guid: ec592c7df285f42848947cfbff27bf1e, type: 3}
--- !u!1001 &8341542033585796070
PrefabInstance:
  m_ObjectHideFlags: 0
  serializedVersion: 2
  m_Modification:
    m_TransformParent: {fileID: 5177616760922604923}
    m_Modifications:
    - target: {fileID: 5831263117877432459, guid: 08c12d342baee469a88909840d0cad65,
        type: 3}
      propertyPath: m_Name
      value: Tile Triangle (2)
      objectReference: {fileID: 0}
    - target: {fileID: 5831263117877432463, guid: 08c12d342baee469a88909840d0cad65,
        type: 3}
      propertyPath: m_LocalPosition.x
      value: 20
      objectReference: {fileID: 0}
    - target: {fileID: 5831263117877432463, guid: 08c12d342baee469a88909840d0cad65,
        type: 3}
      propertyPath: m_LocalPosition.y
      value: 0
      objectReference: {fileID: 0}
    - target: {fileID: 5831263117877432463, guid: 08c12d342baee469a88909840d0cad65,
        type: 3}
      propertyPath: m_LocalPosition.z
      value: 20
      objectReference: {fileID: 0}
    - target: {fileID: 5831263117877432463, guid: 08c12d342baee469a88909840d0cad65,
        type: 3}
      propertyPath: m_LocalRotation.x
      value: -0
      objectReference: {fileID: 0}
    - target: {fileID: 5831263117877432463, guid: 08c12d342baee469a88909840d0cad65,
        type: 3}
      propertyPath: m_LocalRotation.y
      value: 1
      objectReference: {fileID: 0}
    - target: {fileID: 5831263117877432463, guid: 08c12d342baee469a88909840d0cad65,
        type: 3}
      propertyPath: m_LocalRotation.z
      value: -0
      objectReference: {fileID: 0}
    - target: {fileID: 5831263117877432463, guid: 08c12d342baee469a88909840d0cad65,
        type: 3}
      propertyPath: m_LocalRotation.w
      value: 0
      objectReference: {fileID: 0}
    - target: {fileID: 5831263117877432463, guid: 08c12d342baee469a88909840d0cad65,
        type: 3}
      propertyPath: m_RootOrder
      value: 4
      objectReference: {fileID: 0}
    - target: {fileID: 5831263117877432463, guid: 08c12d342baee469a88909840d0cad65,
        type: 3}
      propertyPath: m_LocalEulerAnglesHint.x
      value: 0
      objectReference: {fileID: 0}
    - target: {fileID: 5831263117877432463, guid: 08c12d342baee469a88909840d0cad65,
        type: 3}
      propertyPath: m_LocalEulerAnglesHint.y
      value: 180
      objectReference: {fileID: 0}
    - target: {fileID: 5831263117877432463, guid: 08c12d342baee469a88909840d0cad65,
        type: 3}
      propertyPath: m_LocalEulerAnglesHint.z
      value: 0
      objectReference: {fileID: 0}
    - target: {fileID: 5831263117877432463, guid: 08c12d342baee469a88909840d0cad65,
        type: 3}
      propertyPath: m_LocalScale.x
      value: 10
      objectReference: {fileID: 0}
    - target: {fileID: 5831263117877432463, guid: 08c12d342baee469a88909840d0cad65,
        type: 3}
      propertyPath: m_LocalScale.z
      value: 10
      objectReference: {fileID: 0}
    - target: {fileID: 6423577577838493489, guid: 08c12d342baee469a88909840d0cad65,
        type: 3}
      propertyPath: m_LocalPosition.x
      value: -0.134
      objectReference: {fileID: 0}
    - target: {fileID: 6423577577838493489, guid: 08c12d342baee469a88909840d0cad65,
        type: 3}
      propertyPath: m_LocalPosition.z
      value: 0.566
      objectReference: {fileID: 0}
    - target: {fileID: 6423577577838493489, guid: 08c12d342baee469a88909840d0cad65,
        type: 3}
      propertyPath: m_LocalScale.x
      value: 1
      objectReference: {fileID: 0}
    - target: {fileID: 2544692477433399758, guid: 08c12d342baee469a88909840d0cad65,
        type: 3}
      propertyPath: m_IsActive
      value: 0
      objectReference: {fileID: 0}
    - target: {fileID: 3040396967339607124, guid: 08c12d342baee469a88909840d0cad65,
        type: 3}
      propertyPath: m_IsActive
      value: 0
      objectReference: {fileID: 0}
    m_RemovedComponents: []
  m_SourcePrefab: {fileID: 100100000, guid: 08c12d342baee469a88909840d0cad65, type: 3}
--- !u!1001 &9150849798730433445
PrefabInstance:
  m_ObjectHideFlags: 0
  serializedVersion: 2
  m_Modification:
    m_TransformParent: {fileID: 5177616760922604923}
    m_Modifications:
    - target: {fileID: 5831263117877432459, guid: f8cdab31b73b4438f9e09d98e2e48f86,
        type: 3}
      propertyPath: m_Name
      value: Tile Square (3)
      objectReference: {fileID: 0}
    - target: {fileID: 5831263117877432463, guid: f8cdab31b73b4438f9e09d98e2e48f86,
        type: 3}
      propertyPath: m_LocalPosition.x
      value: 25
      objectReference: {fileID: 0}
    - target: {fileID: 5831263117877432463, guid: f8cdab31b73b4438f9e09d98e2e48f86,
        type: 3}
      propertyPath: m_LocalPosition.y
      value: 0
      objectReference: {fileID: 0}
    - target: {fileID: 5831263117877432463, guid: f8cdab31b73b4438f9e09d98e2e48f86,
        type: 3}
      propertyPath: m_LocalPosition.z
      value: 21.63
      objectReference: {fileID: 0}
    - target: {fileID: 5831263117877432463, guid: f8cdab31b73b4438f9e09d98e2e48f86,
        type: 3}
      propertyPath: m_LocalRotation.x
      value: -0
      objectReference: {fileID: 0}
    - target: {fileID: 5831263117877432463, guid: f8cdab31b73b4438f9e09d98e2e48f86,
        type: 3}
      propertyPath: m_LocalRotation.y
      value: 0.38268343
      objectReference: {fileID: 0}
    - target: {fileID: 5831263117877432463, guid: f8cdab31b73b4438f9e09d98e2e48f86,
        type: 3}
      propertyPath: m_LocalRotation.z
      value: -0
      objectReference: {fileID: 0}
    - target: {fileID: 5831263117877432463, guid: f8cdab31b73b4438f9e09d98e2e48f86,
        type: 3}
      propertyPath: m_LocalRotation.w
      value: 0.92387956
      objectReference: {fileID: 0}
    - target: {fileID: 5831263117877432463, guid: f8cdab31b73b4438f9e09d98e2e48f86,
        type: 3}
      propertyPath: m_RootOrder
      value: 7
      objectReference: {fileID: 0}
    - target: {fileID: 5831263117877432463, guid: f8cdab31b73b4438f9e09d98e2e48f86,
        type: 3}
      propertyPath: m_LocalEulerAnglesHint.x
      value: 0
      objectReference: {fileID: 0}
    - target: {fileID: 5831263117877432463, guid: f8cdab31b73b4438f9e09d98e2e48f86,
        type: 3}
      propertyPath: m_LocalEulerAnglesHint.y
      value: 45
      objectReference: {fileID: 0}
    - target: {fileID: 5831263117877432463, guid: f8cdab31b73b4438f9e09d98e2e48f86,
        type: 3}
      propertyPath: m_LocalEulerAnglesHint.z
      value: 0
      objectReference: {fileID: 0}
    - target: {fileID: 5831263117877432463, guid: f8cdab31b73b4438f9e09d98e2e48f86,
        type: 3}
      propertyPath: m_LocalScale.x
      value: 5
      objectReference: {fileID: 0}
    - target: {fileID: 5831263117877432463, guid: f8cdab31b73b4438f9e09d98e2e48f86,
        type: 3}
      propertyPath: m_LocalScale.z
      value: 5
      objectReference: {fileID: 0}
    - target: {fileID: 7638227093767869719, guid: f8cdab31b73b4438f9e09d98e2e48f86,
        type: 3}
      propertyPath: m_IsActive
      value: 0
      objectReference: {fileID: 0}
    m_RemovedComponents: []
  m_SourcePrefab: {fileID: 100100000, guid: f8cdab31b73b4438f9e09d98e2e48f86, type: 3}
