%YAML 1.1
%TAG !u! tag:unity3d.com,2011:
--- !u!64 &5195786482994778840
MeshCollider:
  m_ObjectHideFlags: 0
  m_CorrespondingSourceObject: {fileID: 0}
  m_PrefabInstance: {fileID: 0}
  m_PrefabAsset: {fileID: 0}
  m_GameObject: {fileID: 6796432235392762245}
  m_Material: {fileID: 0}
  m_IsTrigger: 0
  m_Enabled: 1
  serializedVersion: 3
  m_Convex: 1
  m_CookingOptions: 14
  m_Mesh: {fileID: 4300002, guid: 9d9f5d2041eea4f1d89d280600921a82, type: 3}
--- !u!1001 &5782335823855634782
PrefabInstance:
  m_ObjectHideFlags: 0
  serializedVersion: 2
  m_Modification:
    m_TransformParent: {fileID: 0}
    m_Modifications:
    - target: {fileID: 6796432235392762245}
      propertyPath: m_Name
      value: Obstacle Pyramid
      objectReference: {fileID: 0}
    - target: {fileID: 2202194710968434183}
      propertyPath: m_LocalRotation.x
      value: 0
      objectReference: {fileID: 0}
    - target: {fileID: 2202194710968434183}
      propertyPath: m_LocalRotation.w
      value: 1
      objectReference: {fileID: 0}
    - target: {fileID: 2202194710968434183}
      propertyPath: m_LocalPosition.x
      value: 0
      objectReference: {fileID: 0}
    - target: {fileID: 2202194710968434183}
      propertyPath: m_LocalPosition.y
      value: 0
      objectReference: {fileID: 0}
    - target: {fileID: 2202194710968434183}
      propertyPath: m_LocalEulerAnglesHint.x
      value: 0
      objectReference: {fileID: 0}
    - target: {fileID: 1186232750861069205}
      propertyPath: m_LocalPosition.y
      value: 0
      objectReference: {fileID: 0}
    - target: {fileID: 1186232750861069205}
      propertyPath: m_LocalScale.x
      value: 1
      objectReference: {fileID: 0}
    - target: {fileID: 1186232750861069205}
      propertyPath: m_LocalScale.y
      value: 1
      objectReference: {fileID: 0}
    - target: {fileID: 1186232750861069205}
      propertyPath: m_LocalScale.z
      value: 1
      objectReference: {fileID: 0}
    - target: {fileID: 1633381506853332063}
      propertyPath: m_Mesh
      value: 
      objectReference: {fileID: 4300002, guid: 6cdfd71e0046143e9a81a89608ec5882, type: 3}
    - target: {fileID: 1928136209007429219}
      propertyPath: m_Mesh
      value: 
      objectReference: {fileID: 4300000, guid: 6cdfd71e0046143e9a81a89608ec5882, type: 3}
    - target: {fileID: 1186232750861069205}
      propertyPath: m_LocalPosition.y
      value: 0
      objectReference: {fileID: 0}
    - target: {fileID: 1186232750861069205}
      propertyPath: m_LocalScale.x
      value: 1
      objectReference: {fileID: 0}
    - target: {fileID: 1186232750861069205}
      propertyPath: m_LocalScale.y
      value: 1
      objectReference: {fileID: 0}
    - target: {fileID: 1186232750861069205}
      propertyPath: m_LocalScale.z
      value: 1
      objectReference: {fileID: 0}
    - target: {fileID: 1186232750861069205}
      propertyPath: m_LocalScale.x
      value: 1
      objectReference: {fileID: 0}
    - target: {fileID: 1186232750861069205}
      propertyPath: m_LocalScale.y
      value: 1
      objectReference: {fileID: 0}
    - target: {fileID: 1186232750861069205}
      propertyPath: m_LocalScale.z
      value: 1
      objectReference: {fileID: 0}
    - target: {fileID: 1186232750861069205}
      propertyPath: m_LocalPosition.y
      value: 0
      objectReference: {fileID: 0}
    - target: {fileID: 1633381506853332063}
      propertyPath: m_Mesh
      value: 
      objectReference: {fileID: 4300002, guid: 6cdfd71e0046143e9a81a89608ec5882, type: 3}
    - target: {fileID: 1633381506853332063}
      propertyPath: m_Mesh
      value: 
      objectReference: {fileID: 4300002, guid: 9d9f5d2041eea4f1d89d280600921a82, type: 3}
    - target: {fileID: 1928136209007429219}
      propertyPath: m_Mesh
      value: 
      objectReference: {fileID: 4300000, guid: 6cdfd71e0046143e9a81a89608ec5882, type: 3}
    - target: {fileID: 1928136209007429219}
      propertyPath: m_Mesh
      value: 
      objectReference: {fileID: 4300000, guid: 9d9f5d2041eea4f1d89d280600921a82, type: 3}
    - target: {fileID: 2202194710968434183}
      propertyPath: m_LocalRotation.x
      value: -0.7071068
      objectReference: {fileID: 0}
    - target: {fileID: 2202194710968434183}
      propertyPath: m_LocalRotation.w
      value: 0.7071068
      objectReference: {fileID: 0}
    - target: {fileID: 2202194710968434183}
      propertyPath: m_LocalPosition.x
      value: 0
      objectReference: {fileID: 0}
    - target: {fileID: 2202194710968434183}
      propertyPath: m_LocalPosition.y
      value: 0
      objectReference: {fileID: 0}
    - target: {fileID: 2202194710968434183}
      propertyPath: m_LocalEulerAnglesHint.x
      value: -90
      objectReference: {fileID: 0}
    - target: {fileID: 2202194710968434183}
      propertyPath: m_LocalPosition.x
      value: 0
      objectReference: {fileID: 0}
    - target: {fileID: 2202194710968434183}
      propertyPath: m_LocalPosition.y
      value: 0
      objectReference: {fileID: 0}
    - target: {fileID: 2202194710968434183}
      propertyPath: m_LocalPosition.z
      value: 0
      objectReference: {fileID: 0}
    - target: {fileID: 2202194710968434183}
      propertyPath: m_LocalRotation.x
      value: 0.7071068
      objectReference: {fileID: 0}
    - target: {fileID: 2202194710968434183}
      propertyPath: m_LocalRotation.y
      value: 0
      objectReference: {fileID: 0}
    - target: {fileID: 2202194710968434183}
      propertyPath: m_LocalRotation.z
      value: 0
      objectReference: {fileID: 0}
    - target: {fileID: 2202194710968434183}
      propertyPath: m_LocalRotation.w
      value: 0.7071068
      objectReference: {fileID: 0}
    - target: {fileID: 2202194710968434183}
      propertyPath: m_RootOrder
      value: 0
      objectReference: {fileID: 0}
    - target: {fileID: 2202194710968434183}
      propertyPath: m_LocalEulerAnglesHint.x
      value: 90
      objectReference: {fileID: 0}
    - target: {fileID: 2202194710968434183}
      propertyPath: m_LocalEulerAnglesHint.y
      value: 0
      objectReference: {fileID: 0}
    - target: {fileID: 2202194710968434183}
      propertyPath: m_LocalEulerAnglesHint.z
      value: 0
      objectReference: {fileID: 0}
    - target: {fileID: 6796432235392762245}
      propertyPath: m_Name
      value: Obstacle Pyramid
      objectReference: {fileID: 0}
    - target: {fileID: 6796432235392762245}
      propertyPath: m_Name
      value: Obstacle Prism
      objectReference: {fileID: 0}
    - target: {fileID: 1040116904514537691, guid: ec592c7df285f42848947cfbff27bf1e,
        type: 3}
      propertyPath: m_Name
      value: Obstacle Pyramid
      objectReference: {fileID: 0}
    - target: {fileID: 5670383395304781657, guid: ec592c7df285f42848947cfbff27bf1e,
        type: 3}
      propertyPath: m_LocalPosition.x
      value: 0
      objectReference: {fileID: 0}
    - target: {fileID: 5670383395304781657, guid: ec592c7df285f42848947cfbff27bf1e,
        type: 3}
      propertyPath: m_LocalPosition.y
      value: 0
      objectReference: {fileID: 0}
    - target: {fileID: 4632132181667111627, guid: ec592c7df285f42848947cfbff27bf1e,
        type: 3}
      propertyPath: m_LocalPosition.y
      value: 0
      objectReference: {fileID: 0}
    - target: {fileID: 4632132181667111627, guid: ec592c7df285f42848947cfbff27bf1e,
        type: 3}
      propertyPath: m_LocalScale.x
      value: 1
      objectReference: {fileID: 0}
    - target: {fileID: 4632132181667111627, guid: ec592c7df285f42848947cfbff27bf1e,
        type: 3}
      propertyPath: m_LocalScale.y
      value: 1
      objectReference: {fileID: 0}
    - target: {fileID: 4632132181667111627, guid: ec592c7df285f42848947cfbff27bf1e,
        type: 3}
      propertyPath: m_LocalScale.z
      value: 1
      objectReference: {fileID: 0}
    - target: {fileID: 5085711973094599937, guid: ec592c7df285f42848947cfbff27bf1e,
        type: 3}
      propertyPath: m_Mesh
      value: 
      objectReference: {fileID: 4300002, guid: 6cdfd71e0046143e9a81a89608ec5882, type: 3}
    - target: {fileID: 5403446957905186621, guid: ec592c7df285f42848947cfbff27bf1e,
        type: 3}
      propertyPath: m_Mesh
      value: 
      objectReference: {fileID: 4300000, guid: 6cdfd71e0046143e9a81a89608ec5882, type: 3}
    m_RemovedComponents:
    - {fileID: 7181184791850168788, guid: ec592c7df285f42848947cfbff27bf1e, type: 3}
  m_SourcePrefab: {fileID: 100100000, guid: ec592c7df285f42848947cfbff27bf1e, type: 3}
--- !u!1 &6796432235392762245 stripped
GameObject:
  m_CorrespondingSourceObject: {fileID: 1040116904514537691, guid: ec592c7df285f42848947cfbff27bf1e,
    type: 3}
  m_PrefabInstance: {fileID: 5782335823855634782}
  m_PrefabAsset: {fileID: 0}
--- !u!4 &2202194710968434183 stripped
Transform:
  m_CorrespondingSourceObject: {fileID: 5670383395304781657, guid: ec592c7df285f42848947cfbff27bf1e,
    type: 3}
  m_PrefabInstance: {fileID: 5782335823855634782}
  m_PrefabAsset: {fileID: 0}
--- !u!33 &1633381506853332063 stripped
MeshFilter:
  m_CorrespondingSourceObject: {fileID: 5085711973094599937, guid: ec592c7df285f42848947cfbff27bf1e,
    type: 3}
  m_PrefabInstance: {fileID: 5782335823855634782}
  m_PrefabAsset: {fileID: 0}
--- !u!4 &1186232750861069205 stripped
Transform:
  m_CorrespondingSourceObject: {fileID: 4632132181667111627, guid: ec592c7df285f42848947cfbff27bf1e,
    type: 3}
  m_PrefabInstance: {fileID: 5782335823855634782}
  m_PrefabAsset: {fileID: 0}
--- !u!33 &1928136209007429219 stripped
MeshFilter:
  m_CorrespondingSourceObject: {fileID: 5403446957905186621, guid: ec592c7df285f42848947cfbff27bf1e,
    type: 3}
  m_PrefabInstance: {fileID: 5782335823855634782}
  m_PrefabAsset: {fileID: 0}
