%YAML 1.1
%TAG !u! tag:unity3d.com,2011:
--- !u!65 &5964254755506921520
BoxCollider:
  m_ObjectHideFlags: 0
  m_CorrespondingSourceObject: {fileID: 0}
  m_PrefabInstance: {fileID: 0}
  m_PrefabAsset: {fileID: 0}
  m_GameObject: {fileID: 3144329381720551506}
  m_Material: {fileID: 0}
  m_IsTrigger: 0
  m_Enabled: 1
  serializedVersion: 2
  m_Size: {x: 1, y: 1, z: 1}
  m_Center: {x: 0, y: 0, z: 0}
--- !u!1001 &1699016364394547304
PrefabInstance:
  m_ObjectHideFlags: 0
  serializedVersion: 2
  m_Modification:
    m_TransformParent: {fileID: 5831263117877432463}
    m_Modifications:
    - target: {fileID: 1040116904514537691, guid: fc37df773d90b499fa6a5dea4324f436,
        type: 3}
      propertyPath: m_Name
      value: Invisible Obstacle (2)
      objectReference: {fileID: 0}
    - target: {fileID: 5670383395304781657, guid: fc37df773d90b499fa6a5dea4324f436,
        type: 3}
      propertyPath: m_LocalPosition.x
      value: 0
      objectReference: {fileID: 0}
    - target: {fileID: 5670383395304781657, guid: fc37df773d90b499fa6a5dea4324f436,
        type: 3}
      propertyPath: m_LocalPosition.y
      value: 1
      objectReference: {fileID: 0}
    - target: {fileID: 5670383395304781657, guid: fc37df773d90b499fa6a5dea4324f436,
        type: 3}
      propertyPath: m_LocalPosition.z
      value: 1
      objectReference: {fileID: 0}
    - target: {fileID: 5670383395304781657, guid: fc37df773d90b499fa6a5dea4324f436,
        type: 3}
      propertyPath: m_LocalRotation.x
      value: -0
      objectReference: {fileID: 0}
    - target: {fileID: 5670383395304781657, guid: fc37df773d90b499fa6a5dea4324f436,
        type: 3}
      propertyPath: m_LocalRotation.y
      value: -0
      objectReference: {fileID: 0}
    - target: {fileID: 5670383395304781657, guid: fc37df773d90b499fa6a5dea4324f436,
        type: 3}
      propertyPath: m_LocalRotation.z
      value: -0
      objectReference: {fileID: 0}
    - target: {fileID: 5670383395304781657, guid: fc37df773d90b499fa6a5dea4324f436,
        type: 3}
      propertyPath: m_LocalRotation.w
      value: 1
      objectReference: {fileID: 0}
    - target: {fileID: 5670383395304781657, guid: fc37df773d90b499fa6a5dea4324f436,
        type: 3}
      propertyPath: m_RootOrder
      value: 3
      objectReference: {fileID: 0}
    - target: {fileID: 5670383395304781657, guid: fc37df773d90b499fa6a5dea4324f436,
        type: 3}
      propertyPath: m_LocalEulerAnglesHint.x
      value: 0
      objectReference: {fileID: 0}
    - target: {fileID: 5670383395304781657, guid: fc37df773d90b499fa6a5dea4324f436,
        type: 3}
      propertyPath: m_LocalEulerAnglesHint.y
      value: 0
      objectReference: {fileID: 0}
    - target: {fileID: 5670383395304781657, guid: fc37df773d90b499fa6a5dea4324f436,
        type: 3}
      propertyPath: m_LocalEulerAnglesHint.z
      value: 0
      objectReference: {fileID: 0}
    - target: {fileID: 5670383395304781657, guid: fc37df773d90b499fa6a5dea4324f436,
        type: 3}
      propertyPath: m_LocalScale.y
      value: 2
      objectReference: {fileID: 0}
    - target: {fileID: 5670383395304781657, guid: fc37df773d90b499fa6a5dea4324f436,
        type: 3}
      propertyPath: m_LocalScale.x
      value: 1
      objectReference: {fileID: 0}
    - target: {fileID: 5670383395304781657, guid: fc37df773d90b499fa6a5dea4324f436,
        type: 3}
      propertyPath: m_LocalScale.z
      value: 1
      objectReference: {fileID: 0}
    - target: {fileID: 7181184791850168788, guid: fc37df773d90b499fa6a5dea4324f436,
        type: 3}
      propertyPath: m_Size.z
      value: 0.1
      objectReference: {fileID: 0}
    - target: {fileID: 7181184791850168788, guid: fc37df773d90b499fa6a5dea4324f436,
        type: 3}
      propertyPath: m_Center.z
      value: -0.45
      objectReference: {fileID: 0}
    - target: {fileID: 8273922835185376376, guid: fc37df773d90b499fa6a5dea4324f436,
        type: 3}
      propertyPath: m_LocalRotation.y
      value: 0.7071068
      objectReference: {fileID: 0}
    - target: {fileID: 8273922835185376376, guid: fc37df773d90b499fa6a5dea4324f436,
        type: 3}
      propertyPath: m_LocalRotation.w
      value: 0.7071068
      objectReference: {fileID: 0}
    - target: {fileID: 8273922835185376376, guid: fc37df773d90b499fa6a5dea4324f436,
        type: 3}
      propertyPath: m_LocalEulerAnglesHint.y
      value: 90
      objectReference: {fileID: 0}
    - target: {fileID: 8273922835185376376, guid: fc37df773d90b499fa6a5dea4324f436,
        type: 3}
      propertyPath: m_LocalPosition.x
      value: 0
      objectReference: {fileID: 0}
    - target: {fileID: 8273922835185376376, guid: fc37df773d90b499fa6a5dea4324f436,
        type: 3}
      propertyPath: m_LocalPosition.z
      value: -0.49
      objectReference: {fileID: 0}
    m_RemovedComponents: []
  m_SourcePrefab: {fileID: 100100000, guid: fc37df773d90b499fa6a5dea4324f436, type: 3}
--- !u!1001 &1760639765957973414
PrefabInstance:
  m_ObjectHideFlags: 0
  serializedVersion: 2
  m_Modification:
    m_TransformParent: {fileID: 5831263117877432463}
    m_Modifications:
    - target: {fileID: 3732897365223073268, guid: a6a104551af5647a689d027c2de3177a,
        type: 3}
      propertyPath: m_Name
      value: Ground
      objectReference: {fileID: 0}
    - target: {fileID: 2268208052373357620, guid: a6a104551af5647a689d027c2de3177a,
        type: 3}
      propertyPath: m_LocalPosition.x
      value: 0
      objectReference: {fileID: 0}
    - target: {fileID: 2268208052373357620, guid: a6a104551af5647a689d027c2de3177a,
        type: 3}
      propertyPath: m_LocalPosition.y
      value: 0
      objectReference: {fileID: 0}
    - target: {fileID: 2268208052373357620, guid: a6a104551af5647a689d027c2de3177a,
        type: 3}
      propertyPath: m_LocalPosition.z
      value: 0
      objectReference: {fileID: 0}
    - target: {fileID: 2268208052373357620, guid: a6a104551af5647a689d027c2de3177a,
        type: 3}
      propertyPath: m_LocalRotation.x
      value: -0
      objectReference: {fileID: 0}
    - target: {fileID: 2268208052373357620, guid: a6a104551af5647a689d027c2de3177a,
        type: 3}
      propertyPath: m_LocalRotation.y
      value: -0
      objectReference: {fileID: 0}
    - target: {fileID: 2268208052373357620, guid: a6a104551af5647a689d027c2de3177a,
        type: 3}
      propertyPath: m_LocalRotation.z
      value: -0
      objectReference: {fileID: 0}
    - target: {fileID: 2268208052373357620, guid: a6a104551af5647a689d027c2de3177a,
        type: 3}
      propertyPath: m_LocalRotation.w
      value: 1
      objectReference: {fileID: 0}
    - target: {fileID: 2268208052373357620, guid: a6a104551af5647a689d027c2de3177a,
        type: 3}
      propertyPath: m_RootOrder
      value: 0
      objectReference: {fileID: 0}
    - target: {fileID: 2268208052373357620, guid: a6a104551af5647a689d027c2de3177a,
        type: 3}
      propertyPath: m_LocalEulerAnglesHint.x
      value: 0
      objectReference: {fileID: 0}
    - target: {fileID: 2268208052373357620, guid: a6a104551af5647a689d027c2de3177a,
        type: 3}
      propertyPath: m_LocalEulerAnglesHint.y
      value: 0
      objectReference: {fileID: 0}
    - target: {fileID: 2268208052373357620, guid: a6a104551af5647a689d027c2de3177a,
        type: 3}
      propertyPath: m_LocalEulerAnglesHint.z
      value: 0
      objectReference: {fileID: 0}
    - target: {fileID: 2268208052373357620, guid: a6a104551af5647a689d027c2de3177a,
        type: 3}
      propertyPath: m_LocalScale.y
      value: 0.1
      objectReference: {fileID: 0}
    m_RemovedComponents: []
  m_SourcePrefab: {fileID: 100100000, guid: a6a104551af5647a689d027c2de3177a, type: 3}
--- !u!1 &3144329381720551506 stripped
GameObject:
  m_CorrespondingSourceObject: {fileID: 3732897365223073268, guid: a6a104551af5647a689d027c2de3177a,
    type: 3}
  m_PrefabInstance: {fileID: 1760639765957973414}
  m_PrefabAsset: {fileID: 0}
--- !u!1001 &2491108837134749640
PrefabInstance:
  m_ObjectHideFlags: 0
  serializedVersion: 2
  m_Modification:
    m_TransformParent: {fileID: 0}
    m_Modifications:
    - target: {fileID: 5831263117877432459}
      propertyPath: m_Name
      value: Tile Square
      objectReference: {fileID: 0}
    - target: {fileID: 5831263117877432459}
      propertyPath: m_Name
      value: Tile Square
      objectReference: {fileID: 0}
    - target: {fileID: 5831263117877432459}
      propertyPath: m_Name
      value: Tile Square
      objectReference: {fileID: 0}
    - target: {fileID: 5831263117877432459}
      propertyPath: m_Name
      value: Tile Square
      objectReference: {fileID: 0}
    - target: {fileID: 5831263117877432463}
      propertyPath: m_LocalPosition.x
      value: 0
      objectReference: {fileID: 0}
    - target: {fileID: 5831263117877432463}
      propertyPath: m_LocalPosition.y
      value: 0
      objectReference: {fileID: 0}
    - target: {fileID: 5831263117877432463}
      propertyPath: m_LocalPosition.z
      value: 0
      objectReference: {fileID: 0}
    - target: {fileID: 5831263117877432463}
      propertyPath: m_LocalRotation.x
      value: 0
      objectReference: {fileID: 0}
    - target: {fileID: 5831263117877432463}
      propertyPath: m_LocalRotation.y
      value: 0
      objectReference: {fileID: 0}
    - target: {fileID: 5831263117877432463}
      propertyPath: m_LocalRotation.z
      value: 0
      objectReference: {fileID: 0}
    - target: {fileID: 5831263117877432463}
      propertyPath: m_LocalRotation.w
      value: 1
      objectReference: {fileID: 0}
    - target: {fileID: 5831263117877432463}
      propertyPath: m_RootOrder
      value: 0
      objectReference: {fileID: 0}
    - target: {fileID: 5831263117877432463}
      propertyPath: m_LocalEulerAnglesHint.x
      value: 0
      objectReference: {fileID: 0}
    - target: {fileID: 5831263117877432463}
      propertyPath: m_LocalEulerAnglesHint.y
      value: 0
      objectReference: {fileID: 0}
    - target: {fileID: 5831263117877432463}
      propertyPath: m_LocalEulerAnglesHint.z
      value: 0
      objectReference: {fileID: 0}
    - target: {fileID: 8250309335719812931, guid: bc7cebbf5d3254bf7a5e158ba6ee625e,
        type: 3}
      propertyPath: m_Name
      value: Tile Square
      objectReference: {fileID: 0}
    m_RemovedComponents: []
  m_SourcePrefab: {fileID: 100100000, guid: bc7cebbf5d3254bf7a5e158ba6ee625e, type: 3}
--- !u!1 &5831263117877432459 stripped
GameObject:
  m_CorrespondingSourceObject: {fileID: 8250309335719812931, guid: bc7cebbf5d3254bf7a5e158ba6ee625e,
    type: 3}
  m_PrefabInstance: {fileID: 2491108837134749640}
  m_PrefabAsset: {fileID: 0}
--- !u!4 &5831263117877432463 stripped
Transform:
  m_CorrespondingSourceObject: {fileID: 8250309335719812935, guid: bc7cebbf5d3254bf7a5e158ba6ee625e,
    type: 3}
  m_PrefabInstance: {fileID: 2491108837134749640}
  m_PrefabAsset: {fileID: 0}
--- !u!1001 &2620695029399948431
PrefabInstance:
  m_ObjectHideFlags: 0
  serializedVersion: 2
  m_Modification:
    m_TransformParent: {fileID: 5831263117877432463}
    m_Modifications:
    - target: {fileID: 1040116904514537691, guid: fc37df773d90b499fa6a5dea4324f436,
        type: 3}
      propertyPath: m_Name
      value: Invisible Obstacle
      objectReference: {fileID: 0}
    - target: {fileID: 5670383395304781657, guid: fc37df773d90b499fa6a5dea4324f436,
        type: 3}
      propertyPath: m_LocalPosition.x
      value: 1
      objectReference: {fileID: 0}
    - target: {fileID: 5670383395304781657, guid: fc37df773d90b499fa6a5dea4324f436,
        type: 3}
      propertyPath: m_LocalPosition.y
      value: 1
      objectReference: {fileID: 0}
    - target: {fileID: 5670383395304781657, guid: fc37df773d90b499fa6a5dea4324f436,
        type: 3}
      propertyPath: m_LocalPosition.z
      value: 0
      objectReference: {fileID: 0}
    - target: {fileID: 5670383395304781657, guid: fc37df773d90b499fa6a5dea4324f436,
        type: 3}
      propertyPath: m_LocalRotation.x
      value: -0
      objectReference: {fileID: 0}
    - target: {fileID: 5670383395304781657, guid: fc37df773d90b499fa6a5dea4324f436,
        type: 3}
      propertyPath: m_LocalRotation.y
      value: -0
      objectReference: {fileID: 0}
    - target: {fileID: 5670383395304781657, guid: fc37df773d90b499fa6a5dea4324f436,
        type: 3}
      propertyPath: m_LocalRotation.z
      value: -0
      objectReference: {fileID: 0}
    - target: {fileID: 5670383395304781657, guid: fc37df773d90b499fa6a5dea4324f436,
        type: 3}
      propertyPath: m_LocalRotation.w
      value: 1
      objectReference: {fileID: 0}
    - target: {fileID: 5670383395304781657, guid: fc37df773d90b499fa6a5dea4324f436,
        type: 3}
      propertyPath: m_RootOrder
      value: 1
      objectReference: {fileID: 0}
    - target: {fileID: 5670383395304781657, guid: fc37df773d90b499fa6a5dea4324f436,
        type: 3}
      propertyPath: m_LocalEulerAnglesHint.x
      value: 0
      objectReference: {fileID: 0}
    - target: {fileID: 5670383395304781657, guid: fc37df773d90b499fa6a5dea4324f436,
        type: 3}
      propertyPath: m_LocalEulerAnglesHint.y
      value: 0
      objectReference: {fileID: 0}
    - target: {fileID: 5670383395304781657, guid: fc37df773d90b499fa6a5dea4324f436,
        type: 3}
      propertyPath: m_LocalEulerAnglesHint.z
      value: 0
      objectReference: {fileID: 0}
    - target: {fileID: 5670383395304781657, guid: fc37df773d90b499fa6a5dea4324f436,
        type: 3}
      propertyPath: m_LocalScale.y
      value: 2
      objectReference: {fileID: 0}
    - target: {fileID: 5670383395304781657, guid: fc37df773d90b499fa6a5dea4324f436,
        type: 3}
      propertyPath: m_LocalScale.x
      value: 1
      objectReference: {fileID: 0}
    - target: {fileID: 5670383395304781657, guid: fc37df773d90b499fa6a5dea4324f436,
        type: 3}
      propertyPath: m_LocalScale.z
      value: 1
      objectReference: {fileID: 0}
    - target: {fileID: 7181184791850168788, guid: fc37df773d90b499fa6a5dea4324f436,
        type: 3}
      propertyPath: m_Size.z
      value: 1
      objectReference: {fileID: 0}
    - target: {fileID: 7181184791850168788, guid: fc37df773d90b499fa6a5dea4324f436,
        type: 3}
      propertyPath: m_Size.x
      value: 0.1
      objectReference: {fileID: 0}
    - target: {fileID: 7181184791850168788, guid: fc37df773d90b499fa6a5dea4324f436,
        type: 3}
      propertyPath: m_Center.x
      value: -0.45
      objectReference: {fileID: 0}
    m_RemovedComponents: []
  m_SourcePrefab: {fileID: 100100000, guid: fc37df773d90b499fa6a5dea4324f436, type: 3}
--- !u!1001 &3260514334793597205
PrefabInstance:
  m_ObjectHideFlags: 0
  serializedVersion: 2
  m_Modification:
    m_TransformParent: {fileID: 5831263117877432463}
    m_Modifications:
    - target: {fileID: 1040116904514537691, guid: fc37df773d90b499fa6a5dea4324f436,
        type: 3}
      propertyPath: m_Name
      value: Invisible Obstacle (3)
      objectReference: {fileID: 0}
    - target: {fileID: 5670383395304781657, guid: fc37df773d90b499fa6a5dea4324f436,
        type: 3}
      propertyPath: m_LocalPosition.x
      value: 0
      objectReference: {fileID: 0}
    - target: {fileID: 5670383395304781657, guid: fc37df773d90b499fa6a5dea4324f436,
        type: 3}
      propertyPath: m_LocalPosition.y
      value: 1
      objectReference: {fileID: 0}
    - target: {fileID: 5670383395304781657, guid: fc37df773d90b499fa6a5dea4324f436,
        type: 3}
      propertyPath: m_LocalPosition.z
      value: -1
      objectReference: {fileID: 0}
    - target: {fileID: 5670383395304781657, guid: fc37df773d90b499fa6a5dea4324f436,
        type: 3}
      propertyPath: m_LocalRotation.x
      value: -0
      objectReference: {fileID: 0}
    - target: {fileID: 5670383395304781657, guid: fc37df773d90b499fa6a5dea4324f436,
        type: 3}
      propertyPath: m_LocalRotation.y
      value: -0
      objectReference: {fileID: 0}
    - target: {fileID: 5670383395304781657, guid: fc37df773d90b499fa6a5dea4324f436,
        type: 3}
      propertyPath: m_LocalRotation.z
      value: -0
      objectReference: {fileID: 0}
    - target: {fileID: 5670383395304781657, guid: fc37df773d90b499fa6a5dea4324f436,
        type: 3}
      propertyPath: m_LocalRotation.w
      value: 1
      objectReference: {fileID: 0}
    - target: {fileID: 5670383395304781657, guid: fc37df773d90b499fa6a5dea4324f436,
        type: 3}
      propertyPath: m_RootOrder
      value: 4
      objectReference: {fileID: 0}
    - target: {fileID: 5670383395304781657, guid: fc37df773d90b499fa6a5dea4324f436,
        type: 3}
      propertyPath: m_LocalEulerAnglesHint.x
      value: 0
      objectReference: {fileID: 0}
    - target: {fileID: 5670383395304781657, guid: fc37df773d90b499fa6a5dea4324f436,
        type: 3}
      propertyPath: m_LocalEulerAnglesHint.y
      value: 0
      objectReference: {fileID: 0}
    - target: {fileID: 5670383395304781657, guid: fc37df773d90b499fa6a5dea4324f436,
        type: 3}
      propertyPath: m_LocalEulerAnglesHint.z
      value: 0
      objectReference: {fileID: 0}
    - target: {fileID: 5670383395304781657, guid: fc37df773d90b499fa6a5dea4324f436,
        type: 3}
      propertyPath: m_LocalScale.y
      value: 2
      objectReference: {fileID: 0}
    - target: {fileID: 5670383395304781657, guid: fc37df773d90b499fa6a5dea4324f436,
        type: 3}
      propertyPath: m_LocalScale.x
      value: 1
      objectReference: {fileID: 0}
    - target: {fileID: 5670383395304781657, guid: fc37df773d90b499fa6a5dea4324f436,
        type: 3}
      propertyPath: m_LocalScale.z
      value: 1
      objectReference: {fileID: 0}
    - target: {fileID: 7181184791850168788, guid: fc37df773d90b499fa6a5dea4324f436,
        type: 3}
      propertyPath: m_Size.z
      value: 0.1
      objectReference: {fileID: 0}
    - target: {fileID: 7181184791850168788, guid: fc37df773d90b499fa6a5dea4324f436,
        type: 3}
      propertyPath: m_Center.z
      value: 0.45
      objectReference: {fileID: 0}
    - target: {fileID: 8273922835185376376, guid: fc37df773d90b499fa6a5dea4324f436,
        type: 3}
      propertyPath: m_LocalRotation.y
      value: 0.7071068
      objectReference: {fileID: 0}
    - target: {fileID: 8273922835185376376, guid: fc37df773d90b499fa6a5dea4324f436,
        type: 3}
      propertyPath: m_LocalRotation.w
      value: 0.7071068
      objectReference: {fileID: 0}
    - target: {fileID: 8273922835185376376, guid: fc37df773d90b499fa6a5dea4324f436,
        type: 3}
      propertyPath: m_LocalEulerAnglesHint.y
      value: 90
      objectReference: {fileID: 0}
    - target: {fileID: 8273922835185376376, guid: fc37df773d90b499fa6a5dea4324f436,
        type: 3}
      propertyPath: m_LocalPosition.x
      value: 0
      objectReference: {fileID: 0}
    - target: {fileID: 8273922835185376376, guid: fc37df773d90b499fa6a5dea4324f436,
        type: 3}
      propertyPath: m_LocalPosition.z
      value: 0.49
      objectReference: {fileID: 0}
    m_RemovedComponents: []
  m_SourcePrefab: {fileID: 100100000, guid: fc37df773d90b499fa6a5dea4324f436, type: 3}
--- !u!1001 &7237095222247398860
PrefabInstance:
  m_ObjectHideFlags: 0
  serializedVersion: 2
  m_Modification:
    m_TransformParent: {fileID: 5831263117877432463}
    m_Modifications:
    - target: {fileID: 1040116904514537691, guid: fc37df773d90b499fa6a5dea4324f436,
        type: 3}
      propertyPath: m_Name
      value: Invisible Obstacle (1)
      objectReference: {fileID: 0}
    - target: {fileID: 5670383395304781657, guid: fc37df773d90b499fa6a5dea4324f436,
        type: 3}
      propertyPath: m_LocalPosition.x
      value: -1
      objectReference: {fileID: 0}
    - target: {fileID: 5670383395304781657, guid: fc37df773d90b499fa6a5dea4324f436,
        type: 3}
      propertyPath: m_LocalPosition.y
      value: 1
      objectReference: {fileID: 0}
    - target: {fileID: 5670383395304781657, guid: fc37df773d90b499fa6a5dea4324f436,
        type: 3}
      propertyPath: m_LocalPosition.z
      value: 0
      objectReference: {fileID: 0}
    - target: {fileID: 5670383395304781657, guid: fc37df773d90b499fa6a5dea4324f436,
        type: 3}
      propertyPath: m_LocalRotation.x
      value: -0
      objectReference: {fileID: 0}
    - target: {fileID: 5670383395304781657, guid: fc37df773d90b499fa6a5dea4324f436,
        type: 3}
      propertyPath: m_LocalRotation.y
      value: -0
      objectReference: {fileID: 0}
    - target: {fileID: 5670383395304781657, guid: fc37df773d90b499fa6a5dea4324f436,
        type: 3}
      propertyPath: m_LocalRotation.z
      value: -0
      objectReference: {fileID: 0}
    - target: {fileID: 5670383395304781657, guid: fc37df773d90b499fa6a5dea4324f436,
        type: 3}
      propertyPath: m_LocalRotation.w
      value: 1
      objectReference: {fileID: 0}
    - target: {fileID: 5670383395304781657, guid: fc37df773d90b499fa6a5dea4324f436,
        type: 3}
      propertyPath: m_RootOrder
      value: 2
      objectReference: {fileID: 0}
    - target: {fileID: 5670383395304781657, guid: fc37df773d90b499fa6a5dea4324f436,
        type: 3}
      propertyPath: m_LocalEulerAnglesHint.x
      value: 0
      objectReference: {fileID: 0}
    - target: {fileID: 5670383395304781657, guid: fc37df773d90b499fa6a5dea4324f436,
        type: 3}
      propertyPath: m_LocalEulerAnglesHint.y
      value: 0
      objectReference: {fileID: 0}
    - target: {fileID: 5670383395304781657, guid: fc37df773d90b499fa6a5dea4324f436,
        type: 3}
      propertyPath: m_LocalEulerAnglesHint.z
      value: 0
      objectReference: {fileID: 0}
    - target: {fileID: 5670383395304781657, guid: fc37df773d90b499fa6a5dea4324f436,
        type: 3}
      propertyPath: m_LocalScale.y
      value: 2
      objectReference: {fileID: 0}
    - target: {fileID: 5670383395304781657, guid: fc37df773d90b499fa6a5dea4324f436,
        type: 3}
      propertyPath: m_LocalScale.x
      value: 1
      objectReference: {fileID: 0}
    - target: {fileID: 5670383395304781657, guid: fc37df773d90b499fa6a5dea4324f436,
        type: 3}
      propertyPath: m_LocalScale.z
      value: 1
      objectReference: {fileID: 0}
    - target: {fileID: 7181184791850168788, guid: fc37df773d90b499fa6a5dea4324f436,
        type: 3}
      propertyPath: m_Center.x
      value: 0.45
      objectReference: {fileID: 0}
    - target: {fileID: 7181184791850168788, guid: fc37df773d90b499fa6a5dea4324f436,
        type: 3}
      propertyPath: m_Size.x
      value: 0.1
      objectReference: {fileID: 0}
    - target: {fileID: 8273922835185376376, guid: fc37df773d90b499fa6a5dea4324f436,
        type: 3}
      propertyPath: m_LocalPosition.x
      value: 0.49
      objectReference: {fileID: 0}
    m_RemovedComponents: []
  m_SourcePrefab: {fileID: 100100000, guid: fc37df773d90b499fa6a5dea4324f436, type: 3}
